2792 4642
173 201 249 275 266
574 188 881 306 ANN'ALIUM
1099 189 1235 292 2:33⁷ss

174 353 356 444 „indicat,
381 351 492 423 iidem
509 349 566 421 illi
585 351 764 423 civitatun
772 351 885 440 yerti,
909 351 1192 445 splendidissimo
1208 352 1289 423 eui-

171 480 269 551 „que
290 455 437 525 exitium
455 454 596 547 parari,
627 455 809 523 neminem
831 454 991 525 erbuinis
1015 469 1191 547 expertem
1212 456 1290 525 cla-

171 559 398 649 ,micabunt
439 551 553 650 Atqui
574 580 621 625 ne
641 556 800 650 corporis
821 556 967 650 quidem
987 559 1132 656 morbos
1149 572 1288 626 veteres

141 665 145 676 '
171 675 236 750 „et
248 660 313 730 diu
327 672 447 729 auctos
462 659 532 727 nisi
547 659 713 750 perdura
725 672 761 728 et
772 681 893 750 aspera
907 682 1081 729 coerceas:
1098 659 1288 751 coemptus

171 762 361 853 „simulet
378 774 583 852 corruptor,
607 781 711 851 aeger
727 772 763 829 et
779 760 934 850 flagrans
953 760 1093 831 animus
1113 758 1207 830 baud
1230 762 1288 831 le-

170 865 361 955 „vioribus
379 863 547 933 remediis
568 853 841 951 restibguendus
861 876 930 948 est,
951 886 1061 957 quam
1075 863 1289 933 libidinibus

172 968 363 1057 „ardescit
387 973 389 982 ’
413 979 467 1036 tot
481 989 503 1033 a
516 963 716 1034 maioribus
733 979 893 1056 repertae
914 966 1025 1054 leges,
1050 979 1103 1035 tot
1122 989 1208 1058 quas
1225 966 1287 1034 di-

171 1093 266 1160 „vus
286 1063 467 1158 Augustus
485 1067 583 1136 tulit:
616 1066 701 1135 illae
720 1066 922 1151 oblivione,
947 1062 1033 1152 hae,
1061 1069 1158 1161 quod
1182 1066 1287 1156 flagi-

173 1171 330 1262 „tiosius
349 1182 418 1255 est,
454 1180 658 1259 contemptu
678 1168 833 1238 abolitae
857 1169 1069 1239 securiorem
1089 1171 1212 1239 luxum
1231 1171 1305 1238 ἠέ

161 1299 308 1364 ¹„cere.,
341 1270 473 1341 namsi
490 1269 580 1338 velis
599 1270 697 1363 quod
718 1271 881 1340 nondum
899 1272 1048 1341 vetitum
1064 1285 1132 1355 est,
1161 1270 1287 1340 timeas

172 1401 251 1467 „ne
270 1388 403 1445 vetere:
434 1381 472 1440 at
492 1370 524 1439 si
543 1366 727 1463 prohibita
750 1372 896 1464 impune
916 1372 1189 1458 transcenderis,
1222 1396 1288 1441 ue-

170 1502 267 1574 „que
280 1490 396 1545 metus
411 1473 507 1543 ultra
521 1496 638 1567 neque
655 1474 778 1566 pudor
793 1488 855 1547 est.
906 1470 982 1546 Cur
996 1497 1079 1565 ergo
1095 1475 1183 1543 olim
1202 1498 1287 1566 par-

170 1573 354 1670 „cimonia
367 1576 548 1669 pollebat?
572 1576 656 1670 quia
673 1575 744 1646 sibi
756 1576 906 1669 quisque
918 1578 1183 1647 moderabatur:
1201 1576 1287 1672 quia

169 1681 309 1772 „unius
327 1679 429 1748 urbis
450 1678 543 1747 cives
563 1700 720 1748 eramus:
749 1699 796 1746 ne
816 1678 1044 1748 inritamenta
1064 1679 1207 1772 quidem
1228 1703 1287 1747 ea-

170 1785 280 1875 „dem
307 1782 402 1852 intra
430 1777 570 1849 ltaliam
597 1780 877 1854 dominantibus.
943 1782 1097 1851 externis
1127 1781 1286 1852 victoriis

169 1875 331 1975 „aliena,
374 1883 541 1954 civilibus
568 1882 676 1953 etiam
704 1896 826 1953 nostra
853 1906 1059 1953 consumare
1085 1883 1286 1955 didicimus».

169 1979 425 2079 „Quantulum
438 1986 532 2056 istud
551 2000 614 2070 est,
635 1985 681 2053 de
697 2010 770 2078 quo
784 1985 915 2054 aediles
926 1984 1138 2057 admouent!
1168 2008 1287 2078 quam,

172 2093 362 2182 „sinetera
378 2087 563 2180 respicias,
587 2085 627 2154 in
640 2087 713 2154 levi
726 2081 953 2164 babendum!
994 2080 1045 2157 At
1061 2081 1204 2156 hercule
1220 2110 1288 2156 ne·
1336 2151 1340 2162 ,

70 2201 72 2208 “
169 2218 258 2282 „mo
284 2193 427 2275 refert,
447 2189 545 2281 quod
570 2184 674 2257 Italia
703 2200 867 2257 externae
893 2189 972 2281 opis
998 2189 1150 2280 indiget,
1188 2190 1286 2283 qnod

144 2296 270 2385 ,vita
297 2290 424 2386 populi
450 2286 609 2360 Romani
640 2312 706 2381 per
737 2289 872 2360 incerta
896 2291 1006 2361 maris
1038 2305 1073 2360 et
1097 2305 1287 2384 tempesta·
1382 2331 1383 2368 ς

168 2411 276 2485 „tum
300 2390 460 2488 quotidie
483 2391 651 2464 volvitur.
712 2414 752 2461 ae
778 2391 851 2461 nisi
874 2393 1140 2485 provinciarum
1165 2394 1287 2485 copiae
1382 2407 1383 2410 ’

168 2511 233 2588 „et
248 2495 404 2568 dominis
423 2507 458 2565 et
480 2492 633 2565 servitiis
647 2508 681 2565 et
697 2494 791 2585 agris
807 2494 1052 2581 subvenerint,
1075 2509 1196 2566 nostra
1218 2518 1287 2565 nos
1382 2545 1383 2548 ,

170 2599 332 2690 „scilicet
359 2620 507 2667 nemora
534 2607 746 2690 nostraeque
773 2597 879 2666 villae
911 2598 1133 2667 tuebuntur?
1181 2594 1287 2670 Hanc

169 2701 250 2796 „.P.
265 2698 307 2776 C.
332 2724 455 2772 curam
478 2699 628 2780 sustinet
645 2699 825 2793 princeps:
865 2693 953 2790 haec
975 2699 1104 2769 omissa
1122 2698 1286 2769 funditus

168 2804 474 2896 „rempublicam
494 2795 620 2873 trahet.
670 2800 821 2894 reliquis
842 2800 937 2870 intra
957 2802 1119 2872 animum
1137 2802 1285 2871 meden-

168 2907 285 2996 „dnm
306 2919 374 2976 est:
409 2927 476 2975 uos
496 2904 634 2995 pudor,
657 2925 830 2995 pauperes
851 2903 1056 2989 necessitas,
1081 2902 1207 2973 divites
1229 2925 1297 2986 sa-⁴

169 3007 265 3097 „tias
278 3006 320 3073 in
332 3006 460 3075 melius
475 3018 599 3077 mutet.
646 2998 725 3104 Aut
738 3004 769 3072 si
781 3004 861 3100 quis
874 3028 916 3073 ex
928 3006 1191 3096 magistratibus
1203 3019 1284 3074 tan-

53 3117 58 3122 '
168 3124 270 3200 „tam
281 3107 551 3178 industriamae
565 3106 788 3179 severitatem
798 3106 1003 3200 pollicetur,
1023 3122 1065 3180 ut
1073 3108 1126 3179 ire
1142 3099 1284 3179 obviam

204 3395 343 3451 deitatem
365 3394 445 3447 verti.
493 3393 530 3448 cf.
550 3402 608 3449 not.
620 3394 708 3458 fad2.
740 3356 884 3449 batum.
918 3393 1021 3461 Sedere
1052 3393 1285 3466 lanosicpouitm·

171 3465 207 3519 42
574 3470 577 3477 '
749 3463 778 3518 iu
807 3466 931 3518 transitu.
979 3464 1016 3518 el.
1066 3463 1201 3515 amsbom.
1230 3462 1283 3516 Gr.

205 3509 280 3587 dura
290 3539 319 3583 et
329 3547 441 3598 aspera.
468 3530 621 3604 synonym.
635 3532 708 3605 apud
749 3532 838 3600 9179.
861 3526 890 3604 p.'
903 3532 962 3586 523.
981 3533 1008 3586 7.
1043 3531 1191 3602 vulgatum
1213 3533 1284 3585 bene

170 3602 254 3658 Boon
271 3621 301 3676 p.
317 3599 358 3653 14·
752 3601 873 3655 defendit
880 3602 978 3672 Hiber.
993 3601 1022 3654 in
1036 3600 1171 3654 Racemat.
1186 3600 1231 3654 29.

206 3690 274 3757 quan
296 3686 378 3738 unius
397 3682 471 3735 urbas
493 3685 566 3739 cives
582 3704 708 3743 eramus.
786 3689 947 3739 tuebuntur.
977 3684 1029 3738 Ed.
1042 3682 1107 3737 ΛΜ.
1121 3672 1301 3740 ementur(

172 3756 210 3814 cf·
226 3756 327 3839 §enee-
347 3753 381 3804 Μ
396 3750 474 3805 Bell·
488 3773 514 3807 ⁰·
527 3755 555 3808 6·
589 3756 709 3836 9ῙοῑὲΥῆ
785 3780 836 3824 aut
852 3771 969 3840 siquis.
1017 3767 1157 3823 Ernestius
1180 3769 1284 3823 mavult

172 3826 262 3911 llallc·
275 3824 319 3907 .4.’
333 3819 378 3876 ὓ·
435 3818 538 3905 ciffum
563 3822 709 3908 ᾗώθῦῑθῑξ·
751 3841 851 3910 quodsi
868 3842 944 3907 ques,
973 3838 1049 3911 quod
1066 3849 1156 3891 tamen
1178 3840 1212 3892 ab
1231 3838 1285 3892 bos
1313 3878 1319 3886 .

172 3915 245 3951 ⁸¹⁰¹¹¹
259 3904 350 3950 ‘mm
365 3891 496 3944 wuuvm
507 3900 659 3950 ''amul''
670 3893 710 3949 ἂν
751 3909 940 3963 locoalienum
948 3918 995 3962 est.
1023 3905 1200 3963 Commodius
1213 3906 1285 3961 soret

110 3973 113 3982 ’
175 3965 287 4020 uebatur
302 3964 328 4026 2,
341 3959 385 4014 55.
751 3979 825 4031 atsi
850 3980 901 4031 uo.
923 3977 1024 4031 verum
1036 3986 1142 4030 araur.
1162 3975 1287 4048 obvim.

207 4048 268 4100 vita
276 4066 307 4112 ρ.
319 4046 358 4100 R.
370 4077 407 4091 -
422 4046 553 4099 volvitur.
588 4045 627 4101 ci.
641 4045 709 4102 infr.
750 4046 811 4101 net.
830 3996 857 4111 i,
872 4047 919 4101 23.
938 4055 991 4100 out
1012 4047 1040 4099 si
1058 4059 1119 4098 non
1131 4060 1285 4112 possmus

173 4113 241 4179 4,6.
259 4116 301 4178 12,
311 4114 354 4168 43.
373 4123 401 4167 et
415 4133 489 4197 supr.
504 4116 532 4181 2,
546 4113 591 4168 ⁶9.
751 4132 852 4169 onmes
871 4125 924 4171 etc.
970 4115 1011 4170 ld.
1028 4116 1099 4169 Aen·
1116 4113 1215 4174 249⁶.
1232 4119 1284 4165 ord

208 4185 316 4238 nomn
349 4181 488 4238 hernus
505 4202 557 4256 pro
573 4202 608 4240 aa
627 4181 710 4237 male·
751 4193 990 4253 tumagmpater
1004 4193 1054 4241 ets·
