2792 4642
1145 129 1150 173 l

497 118 964 263 ’1111111111
1094 194 1253 253 ,ωιι

142 349 265 429 111111,
297 331 362 426 qui
376 296 631 424 complectitur
652 333 766 405 libros
778 302 976 407 domuum
991 331 1202 427 posteriores
1218 346 1253 405 et
1299 366 1303 375 ·

117 435 406 523 Historiarum,
436 459 553 529 neque
576 458 662 507 vero
687 435 844 505 codicem
868 433 1040 506 Corbeiae
1061 446 1253 527 repertum,

143 540 206 610 cui
236 538 359 611 insunt
388 537 524 630 priores
545 531 745 611 Annalium
770 535 865 605 libri.
907 538 1154 613 ¹Doctissimus
1172 536 1252 611 Ro-

9 707 26 723 ,
143 637 260 725 thius,
285 640 326 708 in
340 641 441 710 cuius
456 636 621 709 manibus
635 653 688 709 est
701 639 842 711 collatio
849 637 1016 728 Victorii,
1038 641 1079 710 in
1090 634 1148 708 his
1161 665 1252 735 quo-

145 767 215 836 que
238 742 328 812 solet
348 753 541 834 provocare
560 743 606 811 ad
624 741 776 811 Victorii
793 739 1045 817 auctoritatem.
1094 739 1253 835 Decepe·

143 843 367 939 1111111111
380 842 532 916 Victorii
548 844 794 938 adnotationes
814 866 856 913 ex
872 843 1015 933 ingenio
1032 844 1085 917 ibi
1098 844 1253 931 additae,

68 986 72 991 ,
144 969 235 1042 quas
251 945 398 1019 minime
415 945 536 1020 celavi.

251 1095 283 1192 §a
299 1093 359 1168 36.
384 1091 627 1177 Collationem
640 1094 771 1166 codicis
795 1093 877 1169 ΜΒ.
900 1090 1172 1188 Guelferbytani
1192 1094 1253 1165 in-

12 1205 32 1229 ·
146 1200 246 1270 stitui
268 1197 573 1271 accuratissimam.
623 1194 737 1268 Porro
752 1197 911 1268 videram
927 1197 1041 1267 multa
1057 1197 1252 1266 subsidias

147 1278 252 1399 cbdd.
273 1297 382 1373 MSS.
407 1300 523 1369 adlata
546 1299 586 1369 in
610 1300 825 1370 editionibus
849 1289 1005 1370 Broterii
1031 1298 1253 1392 aliorumque

145 1405 257 1472 latere
273 1400 430 1490 neglecta
447 1402 520 1471 fere
536 1401 792 1473 recentioribus
810 1402 1021 1487 editoribus,
1050 1425 1119 1479 nec
1140 1400 1253 1470 ullam
1349 1460 1354 1465 .

147 1518 282 1574 exstare
300 1502 512 1593 editionem,
545 1528 636 1597 quae
659 1504 801 1573 omnem'
823 1529 912 1599 quae
928 1503 1084 1574 innotuit
1100 1501 1254 1572 varieta-

146 1621 221 1676 tem
236 1595 427 1697 scripturae
451 1605 703 1698 complectatur
724 1620 759 1676 ct
782 1631 863 1676 curn
886 1606 1020 1676 talium*
1034 1630 1157 1676 rerum
1179 1618 1254 1683 stu-,
1278 1622 1300 1653 ³

148 1708 258 1778 diosis
281 1707 525 1781 communicet.
582 1705 702 1795 Quare
725 1708 971 1777 concinnanda
997 1721 1032 1778 'et
1054 1708 1094 1776 in
1118 1721 1253 1778 certum

147 1810 313 1880 ordinem
327 1810 518 1899 redigenda
534 1809 620 1879 duxi
631 1833 860 1903 qtraecnnqne
878 1810 1012 1879 ecodd
1024 1806 1158 1883 MSss
1146 1833 1254 1879 1111-

146 1912 284 1982 tuerint
298 1936 319 1980 a
335 1906 476 2019 vulgata
492 1912 664 2005 scriptura
679 1911 817 1980 diversa
837 1913 955 1981 autad
976 1911 1253 1981 confirmandam

141 2015 302 2113 eandem
328 2002 468 2088 idonea
525 2010 710 2084 Excussi
698 2014 807 2103 igitur
832 2037 954 2082 omnes
980 2026 1153 2107 quantum
1177 2011 1255 2083 fieri

148 2105 266 2235 potuit
295 2116 425 2201 libros,
467 2116 596 2210 quibus
623 2116 785 2192 codicum
806 2114 1023 2187 MSStorum
1049 2113 1254 2184 collationes

60 2282 65 2295 ,
149 2218 290 2303 insunt,
326 2231 367 2288 11
390 2242 463 2287 uno
486 2233 675 2310 conspectu
695 2212 919 2304 exhiberem,
958 2226 1046 2311 quae
1072 2210 1256 2336 hucusque
1312 2215 1315 2220 ’

151 2344 171 2388 1
186 2273 306 2390 multis
323 2320 425 2390 libris
440 2334 540 2390 erant
554 2319 804 2438 conquirenda.
853 2318 961 2409 Qua
951 2346 989 2389 m
1004 2332 1103 2412 parte
1118 2318 1148 2391 si
1161 2343 1255 2388 non-

148 2422 250 2493 nulla
275 2446 348 2491 me
356 2401 532 2512 fugerint,
560 2423 700 2490 veniam
721 2436 805 2540 peto
825 2439 970 2516 propter
993 2422 1125 2492 molem
1148 2416 1256 2491 huius

148 2523 292 2597 laboris.
343 2521 531 2595 Potissima
545 2538 637 2597 certe
650 2524 817 2613 congessi.

236 2664 285 2758 ὃ.
310 2664 372 2737 87.
402 2662 590 2736 Editiones
622 2672 759 2755 veteres
790 2666 861 2738 iam
892 2665 1031 2757 pridem
1059 2659 1256 2752 Ernestius,

125 2848 128 2851 ,
150 2765 336 2861 Broterius
360 2781 395 2838 et
415 2763 612 2839 Oberlinus
634 2768 785 2837 feliciter
808 2769 847 2856 in
869 2790 974 2836 usum
992 2765 1154 2837 criticum
1169 2788 1256 2838 con·
1273 2775 1295 2807 '‘

149 2883 351 2955 verterant,
383 2868 448 2940 sed
466 2895 581 2963 neque
605 2870 793 2960 diligenter
815 2869 898 2941 satis
914 2872 1028 2962 neque
1045 2892 1086 2940 eo
1104 2894 1174 2964 qno
1190 2893 1262 2969 par¹

152 2984 228 3041 crat
245 2971 388 3041 ordine:
414 2973 525 3042 multa
541 2973 647 3045 etiam
662 2973 751 3042 falsa
766 2972 848 3041 inde
868 2970 1067 3044 attulerant.
1119 2969 1188 3042 Cui
1203 2971 1257 3043 rei

134 3088 194 3155 ,ut
223 3074 363 3157 11111111,
380 3076 640 3160 consuleretur,
672 3075 826 3144 curatius
856 3073 1053 3165 examinavi
1085 3073 1258 3147 editiones

152 3173 375 3266 spirensem,
399 3176 587 3246 Puteolani
600 3174 906 3245 Mediolanensem
921 3188 956 3245 et
971 3172 1161 3262 Venetam,
1185 3173 1256 3251 Be-

151 3266 743 3373 111111,Α111111(Β1111.1519.),
769 3274 960 3362 Rhenani,
985 3269 1259 3348 Aldialiorum-

154 3403 242 3472 que,
266 3393 307 3451 11
326 3380 397 3450 iam
416 3393 567 3481 constet,
590 3404 679 3471 qnae
699 3380 745 3450 sit
762 3380 930 3479 cuiusque
949 3377 1140 3471 scripturae
1158 3381 1278 3471 origok

153 3494 260 3572 atque
276 3472 482 3567 auctoritas,
507 3505 596 3575 qnae
614 3483 809 3553 debeantur
825 3497 986 3553 veterum
1009 3481 1170 3553 codicum
1185 3496 1258 3553 tra
1253 3496 1264 3514 ‘

154 3582 286 3651 ditioni
291 3598 363 3660 ant
378 3584 613 3655 recentiorum
627 3574 805 3671 editorum
822 3585 1052 3660 coniecturae
1094 3579 1258 3658 Omnino

155 3683 193 3753 id
214 3684 288 3774 egi,
321 3700 361 3761 ut
382 3700 578 3756 accuratam
602 3700 736 3774 textus,
769 3712 874 3780 (111111
899 3687 1042 3773 dicunt,
1071 3680 1258 3771 historiam

113 3786 120 3793 ”
144 3778 194 3853 'in
217 3781 284 3855 hac
302 3788 455 3861 editione
474 3812 694 3880 exponerem.
743 3787 862 3899 Nimia
881 3789 1026 3859 sortasse
1047 3789 1259 3882 quibusdam

100 3899 102 3907 ’
154 3888 336 3961 videbitur
355 3916 461 3984 opera
476 3891 515 3959 in
529 3883 595 3959 hac
613 3890 809 3984 reposita:
831 3915 914 3959 nam
931 3891 1098 3961 editionis
1111 3889 1259 4009 Spiren

5 4068 7 4075 y
154 3989 221 4058 sis
235 3990 454 4109 aliorumque
488 3993 662 4063 librorum
692 4018 804 4084 nugas
830 4015 1056 4109 quascunque
1082 3980 1259 4069 adnotavi.
1308 4034 1310 4043 ι
1340 3994 1345 3999 ’

9 4160 17 4172 .
155 4090 228 4167 Sed
257 4093 341 4191 quia
366 4097 419 4170 ed
445 4094 538 4191 Spir.
566 4095 722 4203 aliaeque
747 4109 883 4169 veteres
911 4107 995 4167 sunt
1019 4090 1130 4167 instar
1161 4094 1260 4183 sodi
