<?xml version="1.0" encoding="UTF-8"?>
<!DOCTYPE html PUBLIC "-//W3C//DTD XHTML 1.0 Transitional//EN"
    "http://www.w3.org/TR/xhtml1/DTD/xhtml1-transitional.dtd">
<html xmlns="http://www.w3.org/1999/xhtml" xml:lang="en" lang="en">
 <head>
  <title>
</title>
<meta http-equiv="Content-Type" content="text/html;charset=utf-8" />
  <meta name='ocr-system' content='tesseract 3.04.00' />
  <meta name='ocr-capabilities' content='ocr_page ocr_carea ocr_par ocr_line ocrx_word'/>
</head>
<body>
  <div class='ocr_page' id='page_1' title='image "./ccorneliitaciti01unkngoog_0453.png"; bbox 0 0 2792 4642; ppageno 0'>
   <div class='ocr_carea' id='block_1_1' title="bbox 208 189 1282 295">
    <p class='ocr_par' dir='ltr' id='par_1_1' title="bbox 208 189 1282 295">
     <span class='ocr_line' id='line_1_1' title="bbox 208 189 1282 295; baseline -0.012 -11"><span class='ocrx_word' id='word_1_1' title='bbox 208 207 284 284; x_wconf 81' lang='lat' dir='ltr'><strong>sss</strong></span> <span class='ocrx_word' id='word_1_2' title='bbox 606 189 919 276; x_wconf 66' lang='lat' dir='ltr'><strong>assamur}</strong></span> <span class='ocrx_word' id='word_1_3' title='bbox 1071 193 1282 295; x_wconf 51' lang='lat' dir='ltr'><strong>remes</strong></span> 
     </span>
    </p>
   </div>
   <div class='ocr_carea' id='block_1_2' title="bbox 170 353 1336 1280">
    <p class='ocr_par' dir='ltr' id='par_1_2' title="bbox 170 353 1336 1280">
     <span class='ocr_line' id='line_1_2' title="bbox 210 353 1336 451; baseline -0.008 -13"><span class='ocrx_word' id='word_1_4' title='bbox 210 381 247 438; x_wconf 86' lang='lat' dir='ltr'><strong>et</strong></span> <span class='ocrx_word' id='word_1_5' title='bbox 264 362 398 434; x_wconf 71' lang='lat' dir='ltr'><strong>rodum</strong></span> <span class='ocrx_word' id='word_1_6' title='bbox 422 358 537 428; x_wconf 89' lang='lat' dir='ltr'><strong>otium</strong></span> <span class='ocrx_word' id='word_1_7' title='bbox 560 355 748 431; x_wconf 83' lang='lat' dir='ltr'><strong>resolutus.</strong></span> <span class='ocrx_word' id='word_1_8' title='bbox 805 353 976 428; x_wconf 83' lang='lat' dir='ltr'><strong>Manebat</strong></span> <span class='ocrx_word' id='word_1_9' title='bbox 996 357 1129 451; x_wconf 87' lang='lat' dir='ltr'><strong>quippe</strong></span> <span class='ocrx_word' id='word_1_10' title='bbox 1151 358 1336 451; x_wconf 76' lang='lat' dir='ltr'><strong>suspicio-</strong></span> 
     </span>
     <span class='ocr_line' id='line_1_3' title="bbox 210 457 1336 553; baseline -0.008 -13"><span class='ocrx_word' id='word_1_11' title='bbox 210 491 298 540; x_wconf 85' lang='lat' dir='ltr'><strong>num</strong></span> <span class='ocrx_word' id='word_1_12' title='bbox 318 477 353 536; x_wconf 86' lang='lat' dir='ltr'><strong>et</strong></span> <span class='ocrx_word' id='word_1_13' title='bbox 371 461 540 534; x_wconf 85' lang='lat' dir='ltr'><strong>credendi</strong></span> <span class='ocrx_word' id='word_1_14' title='bbox 552 460 755 544; x_wconf 74' lang='lat' dir='ltr'><strong>temeritas,</strong></span> <span class='ocrx_word' id='word_1_15' title='bbox 785 457 1054 553; x_wconf 84' lang='lat' dir='ltr'><strong>quamSeianus</strong></span> <span class='ocrx_word' id='word_1_16' title='bbox 1070 484 1200 551; x_wconf 80' lang='lat' dir='ltr'><strong>augere-</strong></span> <span class='ocrx_word' id='word_1_17' title='bbox 1222 462 1336 532; x_wconf 83' lang='lat' dir='ltr'><strong>etiam</strong></span> 
     </span>
     <span class='ocr_line' id='line_1_4' title="bbox 209 561 1334 639; baseline -0.004 0"><span class='ocrx_word' id='word_1_18' title='bbox 209 571 248 639; x_wconf 87' lang='lat' dir='ltr'><strong>in</strong></span> <span class='ocrx_word' id='word_1_19' title='bbox 263 567 353 638; x_wconf 88' lang='lat' dir='ltr'><strong>urbe</strong></span> <span class='ocrx_word' id='word_1_20' title='bbox 366 578 486 638; x_wconf 86' lang='lat' dir='ltr'><strong>suetus</strong></span> <span class='ocrx_word' id='word_1_21' title='bbox 497 563 612 636; x_wconf 86' lang='lat' dir='ltr'><strong>acrius</strong></span> <span class='ocrx_word' id='word_1_22' title='bbox 625 563 791 633; x_wconf 83' lang='lat' dir='ltr'><strong>turbabat</strong></span> <span class='ocrx_word' id='word_1_23' title='bbox 803 563 880 631; x_wconf 81' lang='lat' dir='ltr'><strong>non</strong></span> <span class='ocrx_word' id='word_1_24' title='bbox 892 561 964 632; x_wconf 88' lang='lat' dir='ltr'><strong>iam</strong></span> <span class='ocrx_word' id='word_1_25' title='bbox 976 563 1123 634; x_wconf 86' lang='lat' dir='ltr'><strong>occultis</strong></span> <span class='ocrx_word' id='word_1_26' title='bbox 1134 564 1334 634; x_wconf 86' lang='lat' dir='ltr'><strong>adversum</strong></span> 
     </span>
     <span class='ocr_line' id='line_1_5' title="bbox 210 663 1334 762; baseline -0.005 -21"><span class='ocrx_word' id='word_1_27' title='bbox 210 667 446 762; x_wconf 77' lang='lat' dir='ltr'>Agrippinam</span> <span class='ocrx_word' id='word_1_28' title='bbox 470 680 505 737; x_wconf 92' lang='lat' dir='ltr'><strong>et</strong></span> <span class='ocrx_word' id='word_1_29' title='bbox 529 664 711 736; x_wconf 81' lang='lat' dir='ltr'>Neronem</span> <span class='ocrx_word' id='word_1_30' title='bbox 735 663 886 738; x_wconf 77' lang='lat' dir='ltr'><strong>insidiis.</strong></span> <span class='ocrx_word' id='word_1_31' title='bbox 946 664 1028 757; x_wconf 86' lang='lat' dir='ltr'><strong>quis</strong></span> <span class='ocrx_word' id='word_1_32' title='bbox 1052 664 1196 736; x_wconf 88' lang='lat' dir='ltr'><strong>additus</strong></span> <span class='ocrx_word' id='word_1_33' title='bbox 1226 666 1334 735; x_wconf 85' lang='lat' dir='ltr'><strong>miles</strong></span> 
     </span>
     <span class='ocr_line' id='line_1_6' title="bbox 170 766 1332 859; baseline -0.006 -14"><span class='ocrx_word' id='word_1_34' title='bbox 170 771 181 786; x_wconf 71' lang='lat'><strong><em>⁹</em></strong></span> <span class='ocrx_word' id='word_1_35' title='bbox 209 773 374 855; x_wconf 85' lang='lat' dir='ltr'><strong>nuntios,</strong></span> <span class='ocrx_word' id='word_1_36' title='bbox 400 769 587 853; x_wconf 75' lang='lat' dir='ltr'><strong>introitus,</strong></span> <span class='ocrx_word' id='word_1_37' title='bbox 611 780 750 859; x_wconf 85' lang='lat' dir='ltr'><strong>aperta,</strong></span> <span class='ocrx_word' id='word_1_38' title='bbox 773 780 905 838; x_wconf 83' lang='lat' dir='ltr'><strong>secreta</strong></span> <span class='ocrx_word' id='word_1_39' title='bbox 921 768 1020 836; x_wconf 83' lang='lat' dir='ltr'><strong>velut</strong></span> <span class='ocrx_word' id='word_1_40' title='bbox 1040 766 1081 835; x_wconf 90' lang='lat' dir='ltr'><strong>in</strong></span> <span class='ocrx_word' id='word_1_41' title='bbox 1099 769 1253 840; x_wconf 86' lang='lat' dir='ltr'><strong>annales</strong></span> <span class='ocrx_word' id='word_1_42' title='bbox 1274 792 1332 838; x_wconf 85' lang='lat' dir='ltr'><strong>re-</strong></span> 
     </span>
     <span class='ocr_line' id='line_1_7' title="bbox 208 869 1330 964; baseline -0.006 -17"><span class='ocrx_word' id='word_1_43' title='bbox 208 877 354 960; x_wconf 67' lang='lat' dir='ltr'><strong>luebat,</strong></span> <span class='ocrx_word' id='word_1_44' title='bbox 366 873 533 964; x_wconf 86' lang='lat' dir='ltr'><strong>ultroque</strong></span> <span class='ocrx_word' id='word_1_45' title='bbox 547 871 785 954; x_wconf 77' lang='lat' dir='ltr'><strong>struebantur,</strong></span> <span class='ocrx_word' id='word_1_46' title='bbox 804 869 868 962; x_wconf 91' lang='lat' dir='ltr'><strong>qui</strong></span> <span class='ocrx_word' id='word_1_47' title='bbox 879 883 1067 940; x_wconf 89' lang='lat' dir='ltr'><strong>monerent</strong></span> <span class='ocrx_word' id='word_1_48' title='bbox 1078 872 1273 961; x_wconf 75' lang='lat' dir='ltr'><strong>perfugere</strong></span> <span class='ocrx_word' id='word_1_49' title='bbox 1286 872 1330 940; x_wconf 93' lang='lat' dir='ltr'><strong>ad</strong></span> 
     </span>
     <span class='ocr_line' id='line_1_8' title="bbox 208 971 1330 1061; baseline -0.008 -12"><span class='ocrx_word' id='word_1_50' title='bbox 208 976 423 1049; x_wconf 80' lang='lat' dir='ltr'><strong>Germaniae</strong></span> <span class='ocrx_word' id='word_1_51' title='bbox 451 973 622 1043; x_wconf 84' lang='lat' dir='ltr'><strong>exercitus</strong></span> <span class='ocrx_word' id='word_1_52' title='bbox 647 973 707 1040; x_wconf 89' lang='lat' dir='ltr'><strong>vel</strong></span> <span class='ocrx_word' id='word_1_53' title='bbox 731 971 961 1042; x_wconf 89' lang='lat' dir='ltr'><strong>celeberrimo</strong></span> <span class='ocrx_word' id='word_1_54' title='bbox 984 972 1056 1041; x_wconf 83' lang='lat' dir='ltr'><strong>fori</strong></span> <span class='ocrx_word' id='word_1_55' title='bbox 1077 973 1235 1061; x_wconf 79' lang='lat' dir='ltr'><strong>effigiem</strong></span> <span class='ocrx_word' id='word_1_56' title='bbox 1257 973 1330 1041; x_wconf 85' lang='lat' dir='ltr'><strong>divi</strong></span> 
     </span>
     <span class='ocr_line' id='line_1_9' title="bbox 207 1074 1331 1170; baseline -0.004 -19"><span class='ocrx_word' id='word_1_57' title='bbox 207 1077 361 1170; x_wconf 74' lang='lat' dir='ltr'><strong>Augusti</strong></span> <span class='ocrx_word' id='word_1_58' title='bbox 378 1075 542 1168; x_wconf 81' lang='lat' dir='ltr'><strong>amplecti</strong></span> <span class='ocrx_word' id='word_1_59' title='bbox 556 1074 800 1166; x_wconf 85' lang='lat' dir='ltr'><strong>populumque</strong></span> <span class='ocrx_word' id='word_1_60' title='bbox 813 1097 854 1142; x_wconf 93' lang='lat' dir='ltr'><strong>ac</strong></span> <span class='ocrx_word' id='word_1_61' title='bbox 866 1087 1027 1144; x_wconf 86' lang='lat' dir='ltr'><strong>senatum</strong></span> <span class='ocrx_word' id='word_1_62' title='bbox 1040 1074 1173 1144; x_wconf 79' lang='lat' dir='ltr'><strong>anxilio</strong></span> <span class='ocrx_word' id='word_1_63' title='bbox 1188 1098 1331 1147; x_wconf 84' lang='lat' dir='ltr'><strong>vocare.</strong></span> 
     </span>
     <span class='ocr_line' id='line_1_10' title="bbox 208 1176 1233 1280; baseline -0.005 -26"><span class='ocrx_word' id='word_1_64' title='bbox 208 1208 318 1280; x_wconf 89' lang='lat' dir='ltr'><strong>eaque</strong></span> <span class='ocrx_word' id='word_1_65' title='bbox 333 1194 448 1274; x_wconf 87' lang='lat' dir='ltr'><strong>spreta</strong></span> <span class='ocrx_word' id='word_1_66' title='bbox 463 1179 508 1247; x_wconf 84' lang='lat' dir='ltr'><strong>ab</strong></span> <span class='ocrx_word' id='word_1_67' title='bbox 522 1177 613 1260; x_wconf 86' lang='lat' dir='ltr'><strong>illis,</strong></span> <span class='ocrx_word' id='word_1_68' title='bbox 637 1177 737 1245; x_wconf 81' lang='lat' dir='ltr'><strong>velut</strong></span> <span class='ocrx_word' id='word_1_69' title='bbox 748 1189 933 1267; x_wconf 87' lang='lat' dir='ltr'><strong>pararent,</strong></span> <span class='ocrx_word' id='word_1_70' title='bbox 957 1176 1233 1278; x_wconf 75' lang='lat' dir='ltr'><strong>obiiciebantur.</strong></span> 
     </span>
    </p>
   </div>
   <div class='ocr_carea' id='block_1_3' title="bbox 199 1328 1377 3064">
    <p class='ocr_par' dir='ltr' id='par_1_3' title="bbox 199 1328 1377 3194">
     <span class='ocr_line' id='line_1_11' title="bbox 306 1328 1327 1412; baseline -0.003 -8"><span class='ocrx_word' id='word_1_71' title='bbox 306 1329 474 1406; x_wconf 82' lang='lat' dir='ltr'><strong>vattl.</strong></span> <span class='ocrx_word' id='word_1_72' title='bbox 500 1329 604 1401; x_wconf 87' lang='lat' dir='ltr'><strong>lunio</strong></span> <span class='ocrx_word' id='word_1_73' title='bbox 621 1329 745 1401; x_wconf 87' lang='lat' dir='ltr'><strong>Silano</strong></span> <span class='ocrx_word' id='word_1_74' title='bbox 769 1344 804 1400; x_wconf 87' lang='lat' dir='ltr'><strong>et</strong></span> <span class='ocrx_word' id='word_1_75' title='bbox 819 1328 912 1401; x_wconf 88' lang='lat' dir='ltr'><strong>Silio</strong></span> <span class='ocrx_word' id='word_1_76' title='bbox 931 1328 1049 1402; x_wconf 87' lang='lat' dir='ltr'><strong>Nerva</strong></span> <span class='ocrx_word' id='word_1_77' title='bbox 1068 1353 1155 1412; x_wconf 88' lang='lat' dir='ltr'><strong>coss.</strong></span> <span class='ocrx_word' id='word_1_78' title='bbox 1177 1332 1327 1401; x_wconf 80' lang='lat' dir='ltr'><strong>foedum</strong></span> 
     </span>
     <span class='ocr_line' id='line_1_12' title="bbox 205 1433 1327 1529; baseline -0.002 -25"><span class='ocrx_word' id='word_1_79' title='bbox 205 1437 292 1510; x_wconf 72' lang='lat' dir='ltr'><strong>a&#39;nni</strong></span> <span class='ocrx_word' id='word_1_80' title='bbox 303 1434 520 1529; x_wconf 85' lang='lat' dir='ltr'><strong>principium</strong></span> <span class='ocrx_word' id='word_1_81' title='bbox 532 1433 673 1504; x_wconf 84' lang='lat' dir='ltr'><strong>incessit</strong></span> <span class='ocrx_word' id='word_1_82' title='bbox 685 1447 797 1504; x_wconf 89' lang='lat' dir='ltr'><strong>tracto</strong></span> <span class='ocrx_word' id='word_1_83' title='bbox 811 1433 850 1501; x_wconf 90' lang='lat' dir='ltr'><strong>in</strong></span> <span class='ocrx_word' id='word_1_84' title='bbox 861 1457 1037 1504; x_wconf 84' lang='lat' dir='ltr'><strong>carcerem</strong></span> <span class='ocrx_word' id='word_1_85' title='bbox 1048 1433 1195 1504; x_wconf 84' lang='lat' dir='ltr'><strong>inlustri</strong></span> <span class='ocrx_word' id='word_1_86' title='bbox 1206 1434 1327 1527; x_wconf 87' lang='lat' dir='ltr'><strong>equite</strong></span> 
     </span>
     <span class='ocr_line' id='line_1_13' title="bbox 205 1533 1327 1629; baseline -0.007 -17"><span class='ocrx_word' id='word_1_87' title='bbox 205 1539 370 1612; x_wconf 87' lang='lat' dir='ltr'><strong>Romano</strong></span> <span class='ocrx_word' id='word_1_88' title='bbox 391 1536 491 1606; x_wconf 88' lang='lat' dir='ltr'><strong>Titio</strong></span> <span class='ocrx_word' id='word_1_89' title='bbox 514 1535 648 1616; x_wconf 84' lang='lat' dir='ltr'><strong>Sabino</strong></span> <span class='ocrx_word' id='word_1_90' title='bbox 671 1537 719 1605; x_wconf 94' lang='lat' dir='ltr'><strong>ob</strong></span> <span class='ocrx_word' id='word_1_91' title='bbox 743 1535 936 1605; x_wconf 84' lang='lat' dir='ltr'><strong>amicitiam</strong></span> <span class='ocrx_word' id='word_1_92' title='bbox 957 1533 1174 1607; x_wconf 86' lang='lat' dir='ltr'><strong>Germanici.</strong></span> <span class='ocrx_word' id='word_1_93' title='bbox 1208 1560 1327 1629; x_wconf 86' lang='lat' dir='ltr'><strong>neque</strong></span> 
     </span>
     <span class='ocr_line' id='line_1_14' title="bbox 204 1637 1324 1730; baseline -0.001 -19"><span class='ocrx_word' id='word_1_94' title='bbox 204 1642 301 1711; x_wconf 86' lang='lat' dir='ltr'><strong>enim</strong></span> <span class='ocrx_word' id='word_1_95' title='bbox 312 1639 479 1709; x_wconf 90' lang='lat' dir='ltr'><strong>omiserat</strong></span> <span class='ocrx_word' id='word_1_96' title='bbox 490 1639 676 1727; x_wconf 79' lang='lat' dir='ltr'><strong>coniugem</strong></span> <span class='ocrx_word' id='word_1_97' title='bbox 690 1638 893 1730; x_wconf 84' lang='lat' dir='ltr'><strong>liberosque</strong></span> <span class='ocrx_word' id='word_1_98' title='bbox 909 1638 984 1708; x_wconf 91' lang='lat' dir='ltr'><strong>eius</strong></span> <span class='ocrx_word' id='word_1_99' title='bbox 999 1637 1201 1730; x_wconf 87' lang='lat' dir='ltr'><strong>percolere,</strong></span> <span class='ocrx_word' id='word_1_100' title='bbox 1213 1652 1324 1710; x_wconf 82' lang='lat' dir='ltr'><strong>secta-</strong></span> 
     </span>
     <span class='ocr_line' id='line_1_15' title="bbox 203 1740 1324 1836; baseline -0.005 -22"><span class='ocrx_word' id='word_1_101' title='bbox 203 1758 261 1815; x_wconf 90' lang='lat' dir='ltr'><strong>tor</strong></span> <span class='ocrx_word' id='word_1_102' title='bbox 280 1742 399 1826; x_wconf 89' lang='lat' dir='ltr'><strong>domi,</strong></span> <span class='ocrx_word' id='word_1_103' title='bbox 427 1763 544 1811; x_wconf 90' lang='lat' dir='ltr'><strong>comes</strong></span> <span class='ocrx_word' id='word_1_104' title='bbox 564 1740 604 1807; x_wconf 90' lang='lat' dir='ltr'><strong>in</strong></span> <span class='ocrx_word' id='word_1_105' title='bbox 623 1740 767 1832; x_wconf 83' lang='lat' dir='ltr'><strong>publico</strong></span> <span class='ocrx_word' id='word_1_106' title='bbox 780 1753 860 1836; x_wconf 88' lang='lat' dir='ltr'><strong>post</strong></span> <span class='ocrx_word' id='word_1_107' title='bbox 873 1752 927 1809; x_wconf 92' lang='lat' dir='ltr'><strong>tot</strong></span> <span class='ocrx_word' id='word_1_108' title='bbox 942 1740 1087 1809; x_wconf 88' lang='lat' dir='ltr'><strong>clientes</strong></span> <span class='ocrx_word' id='word_1_109' title='bbox 1099 1764 1198 1810; x_wconf 86' lang='lat' dir='ltr'><strong>unus</strong></span> <span class='ocrx_word' id='word_1_110' title='bbox 1211 1765 1324 1835; x_wconf 88' lang='lat' dir='ltr'><strong>eoque</strong></span> 
     </span>
     <span class='ocr_line' id='line_1_16' title="bbox 203 1829 1325 1938; baseline -0.004 -21"><span class='ocrx_word' id='word_1_111' title='bbox 203 1846 300 1938; x_wconf 88' lang='lat' dir='ltr'><strong>apud</strong></span> <span class='ocrx_word' id='word_1_112' title='bbox 320 1845 437 1915; x_wconf 90' lang='lat' dir='ltr'><strong>bonos</strong></span> <span class='ocrx_word' id='word_1_113' title='bbox 458 1843 630 1913; x_wconf 86' lang='lat' dir='ltr'><strong>laudatus</strong></span> <span class='ocrx_word' id='word_1_114' title='bbox 645 1856 681 1913; x_wconf 92' lang='lat' dir='ltr'><strong>et</strong></span> <span class='ocrx_word' id='word_1_115' title='bbox 704 1829 821 1931; x_wconf 85' lang='lat' dir='ltr'><strong>gravis</strong></span> <span class='ocrx_word' id='word_1_116' title='bbox 846 1841 991 1935; x_wconf 88' lang='lat' dir='ltr'><strong>iniquis.</strong></span> <span class='ocrx_word' id='word_1_117' title='bbox 1040 1836 1139 1912; x_wconf 89' lang='lat' dir='ltr'><strong>hunc</strong></span> <span class='ocrx_word' id='word_1_118' title='bbox 1156 1839 1325 1913; x_wconf 89' lang='lat' dir='ltr'><strong>Latinius</strong></span> 
     </span>
     <span class='ocr_line' id='line_1_17' title="bbox 202 1939 1324 2036; baseline -0.004 -18"><span class='ocrx_word' id='word_1_119' title='bbox 202 1948 371 2032; x_wconf 85' lang='lat' dir='ltr'><strong>Latiaris,</strong></span> <span class='ocrx_word' id='word_1_120' title='bbox 392 1944 542 2016; x_wconf 88' lang='lat' dir='ltr'><strong>Porcius</strong></span> <span class='ocrx_word' id='word_1_121' title='bbox 554 1942 661 2028; x_wconf 91' lang='lat' dir='ltr'><strong>Cato,</strong></span> <span class='ocrx_word' id='word_1_122' title='bbox 684 1942 835 2014; x_wconf 91' lang='lat' dir='ltr'><strong>Petitius</strong></span> <span class='ocrx_word' id='word_1_123' title='bbox 845 1941 983 2029; x_wconf 84' lang='lat' dir='ltr'><strong>Rufus,</strong></span> <span class='ocrx_word' id='word_1_124' title='bbox 1006 1939 1208 2035; x_wconf 72' lang='lat' dir='ltr'><strong>MOpsins</strong></span> <span class='ocrx_word' id='word_1_125' title='bbox 1220 1969 1324 2036; x_wconf 88' lang='lat' dir='ltr'><strong>prae-</strong></span> 
     </span>
     <span class='ocr_line' id='line_1_18' title="bbox 203 2045 1377 2140; baseline -0.006 -18"><span class='ocrx_word' id='word_1_126' title='bbox 203 2065 284 2122; x_wconf 88' lang='lat' dir='ltr'><strong>tura</strong></span> <span class='ocrx_word' id='word_1_127' title='bbox 297 2049 412 2122; x_wconf 81' lang='lat' dir='ltr'><strong>functi</strong></span> <span class='ocrx_word' id='word_1_128' title='bbox 430 2047 686 2136; x_wconf 80' lang='lat' dir='ltr'><strong>adgrediuntur</strong></span> <span class='ocrx_word' id='word_1_129' title='bbox 705 2045 873 2138; x_wconf 89' lang='lat' dir='ltr'><strong>cupidine</strong></span> <span class='ocrx_word' id='word_1_130' title='bbox 894 2046 1116 2131; x_wconf 89' lang='lat' dir='ltr'><strong>consulatus,</strong></span> <span class='ocrx_word' id='word_1_131' title='bbox 1147 2047 1196 2116; x_wconf 87' lang='lat' dir='ltr'><strong>ad</strong></span> <span class='ocrx_word' id='word_1_132' title='bbox 1217 2071 1322 2140; x_wconf 89' lang='lat' dir='ltr'><strong>quem</strong></span> <span class='ocrx_word' id='word_1_133' title='bbox 1376 2053 1377 2056; x_wconf 73' lang='grc'>’</span> 
     </span>
     <span class='ocr_line' id='line_1_19' title="bbox 203 2144 1320 2242; baseline -0.008 -18"><span class='ocrx_word' id='word_1_134' title='bbox 203 2178 279 2226; x_wconf 90' lang='lat' dir='ltr'><strong>non</strong></span> <span class='ocrx_word' id='word_1_135' title='bbox 293 2151 364 2220; x_wconf 87' lang='lat' dir='ltr'><strong>nisi</strong></span> <span class='ocrx_word' id='word_1_136' title='bbox 380 2173 446 2242; x_wconf 88' lang='lat' dir='ltr'><strong>per</strong></span> <span class='ocrx_word' id='word_1_137' title='bbox 459 2147 629 2217; x_wconf 87' lang='lat' dir='ltr'><strong>Seianum</strong></span> <span class='ocrx_word' id='word_1_138' title='bbox 643 2147 776 2215; x_wconf 86' lang='lat' dir='ltr'><strong>aditus:</strong></span> <span class='ocrx_word' id='word_1_139' title='bbox 802 2169 918 2240; x_wconf 89' lang='lat' dir='ltr'><strong>neque</strong></span> <span class='ocrx_word' id='word_1_140' title='bbox 932 2144 1056 2217; x_wconf 89' lang='lat' dir='ltr'><strong>Seiani</strong></span> <span class='ocrx_word' id='word_1_141' title='bbox 1069 2148 1239 2220; x_wconf 88' lang='lat' dir='ltr'><strong>voluntas</strong></span> <span class='ocrx_word' id='word_1_142' title='bbox 1252 2148 1320 2218; x_wconf 89' lang='lat' dir='ltr'><strong>nisi</strong></span> 
     </span>
     <span class='ocr_line' id='line_1_20' title="bbox 202 2246 1320 2344; baseline -0.003 -20"><span class='ocrx_word' id='word_1_143' title='bbox 202 2256 331 2324; x_wconf 89' lang='lat' dir='ltr'><strong>scelere</strong></span> <span class='ocrx_word' id='word_1_144' title='bbox 348 2250 591 2344; x_wconf 83' lang='lat' dir='ltr'><strong>quaerebatur.</strong></span> <span class='ocrx_word' id='word_1_145' title='bbox 642 2246 891 2340; x_wconf 88' lang='lat' dir='ltr'><strong>Compositum</strong></span> <span class='ocrx_word' id='word_1_146' title='bbox 900 2250 995 2320; x_wconf 88' lang='lat' dir='ltr'><strong>inter</strong></span> <span class='ocrx_word' id='word_1_147' title='bbox 1006 2249 1120 2343; x_wconf 90' lang='lat' dir='ltr'><strong>ipsos,</strong></span> <span class='ocrx_word' id='word_1_148' title='bbox 1143 2250 1320 2321; x_wconf 86' lang='lat' dir='ltr'><strong>utLatia-</strong></span> 
     </span>
     <span class='ocr_line' id='line_1_21' title="bbox 201 2349 1319 2447; baseline -0.001 -23"><span class='ocrx_word' id='word_1_149' title='bbox 201 2356 268 2439; x_wconf 88' lang='lat' dir='ltr'><strong>ris,</strong></span> <span class='ocrx_word' id='word_1_150' title='bbox 294 2354 357 2447; x_wconf 90' lang='lat' dir='ltr'><strong>qui</strong></span> <span class='ocrx_word' id='word_1_151' title='bbox 376 2351 518 2420; x_wconf 85' lang='lat' dir='ltr'><strong>modico</strong></span> <span class='ocrx_word' id='word_1_152' title='bbox 537 2374 606 2419; x_wconf 91' lang='lat' dir='ltr'><strong>usu</strong></span> <span class='ocrx_word' id='word_1_153' title='bbox 617 2349 793 2421; x_wconf 90' lang='lat' dir='ltr'><strong>Sabinum</strong></span> <span class='ocrx_word' id='word_1_154' title='bbox 812 2352 1056 2444; x_wconf 84' lang='lat' dir='ltr'><strong>contingebat,</strong></span> <span class='ocrx_word' id='word_1_155' title='bbox 1081 2365 1233 2424; x_wconf 86' lang='lat' dir='ltr'><strong>strueret</strong></span> <span class='ocrx_word' id='word_1_156' title='bbox 1254 2355 1319 2423; x_wconf 90' lang='lat' dir='ltr'><strong>do-</strong></span> 
     </span>
     <span class='ocr_line' id='line_1_22' title="bbox 200 2453 1317 2548; baseline -0.004 -20"><span class='ocrx_word' id='word_1_157' title='bbox 200 2459 295 2542; x_wconf 90' lang='lat' dir='ltr'><strong>lum,</strong></span> <span class='ocrx_word' id='word_1_158' title='bbox 317 2453 424 2526; x_wconf 87' lang='lat' dir='ltr'><strong>ceteri</strong></span> <span class='ocrx_word' id='word_1_159' title='bbox 441 2466 546 2526; x_wconf 88' lang='lat' dir='ltr'><strong>testes</strong></span> <span class='ocrx_word' id='word_1_160' title='bbox 559 2453 740 2523; x_wconf 86' lang='lat' dir='ltr'><strong>adessent:</strong></span> <span class='ocrx_word' id='word_1_161' title='bbox 765 2453 896 2524; x_wconf 90' lang='lat' dir='ltr'><strong>deinde</strong></span> <span class='ocrx_word' id='word_1_162' title='bbox 910 2455 1167 2525; x_wconf 87' lang='lat' dir='ltr'><strong>accusationem</strong></span> <span class='ocrx_word' id='word_1_163' title='bbox 1180 2455 1317 2548; x_wconf 86' lang='lat' dir='ltr'><strong>incipe-</strong></span> 
     </span>
     <span class='ocr_line' id='line_1_23' title="bbox 199 2554 1315 2649; baseline -0.002 -21"><span class='ocrx_word' id='word_1_164' title='bbox 199 2574 291 2633; x_wconf 89' lang='lat' dir='ltr'><strong>rent.</strong></span> <span class='ocrx_word' id='word_1_165' title='bbox 343 2558 453 2647; x_wconf 80' lang='lat' dir='ltr'><strong>igitur</strong></span> <span class='ocrx_word' id='word_1_166' title='bbox 465 2554 618 2626; x_wconf 88' lang='lat' dir='ltr'><strong>Latiaris</strong></span> <span class='ocrx_word' id='word_1_167' title='bbox 637 2556 751 2626; x_wconf 90' lang='lat' dir='ltr'><strong>iacere</strong></span> <span class='ocrx_word' id='word_1_168' title='bbox 769 2556 935 2627; x_wconf 85' lang='lat' dir='ltr'><strong>fortuitos</strong></span> <span class='ocrx_word' id='word_1_169' title='bbox 948 2557 1106 2649; x_wconf 90' lang='lat' dir='ltr'><strong>primum</strong></span> <span class='ocrx_word' id='word_1_170' title='bbox 1121 2581 1315 2627; x_wconf 88' lang='lat' dir='ltr'><strong>sermones:</strong></span> 
     </span>
     <span class='ocr_line' id='line_1_24' title="bbox 199 2658 1376 2751; baseline 0 -20"><span class='ocrx_word' id='word_1_171' title='bbox 199 2687 284 2731; x_wconf 81' lang='lat' dir='ltr'><strong>mox</strong></span> <span class='ocrx_word' id='word_1_172' title='bbox 302 2658 721 2743; x_wconf 87' lang='lat' dir='ltr'><strong>laudare&#39;constantiam,</strong></span> <span class='ocrx_word' id='word_1_173' title='bbox 757 2660 856 2751; x_wconf 90' lang='lat' dir='ltr'><strong>quod</strong></span> <span class='ocrx_word' id='word_1_174' title='bbox 874 2681 950 2729; x_wconf 88' lang='lat' dir='ltr'><strong>non</strong></span> <span class='ocrx_word' id='word_1_175' title='bbox 969 2673 1011 2729; x_wconf 90' lang='lat' dir='ltr'><strong>ut</strong></span> <span class='ocrx_word' id='word_1_176' title='bbox 1029 2660 1138 2729; x_wconf 91' lang='lat' dir='ltr'><strong>ceteri</strong></span> <span class='ocrx_word' id='word_1_177' title='bbox 1156 2660 1315 2731; x_wconf 90' lang='lat' dir='ltr'><strong>florentis</strong></span> <span class='ocrx_word' id='word_1_178' title='bbox 1375 2677 1376 2690; x_wconf 64' lang='lat'>³</span> 
     </span>
     <span class='ocr_line' id='line_1_25' title="bbox 200 2757 1316 2836; baseline -0.002 -2"><span class='ocrx_word' id='word_1_179' title='bbox 200 2766 329 2834; x_wconf 88' lang='lat' dir='ltr'><strong>domus</strong></span> <span class='ocrx_word' id='word_1_180' title='bbox 355 2760 488 2836; x_wconf 88' lang='lat' dir='ltr'><strong>amicus</strong></span> <span class='ocrx_word' id='word_1_181' title='bbox 513 2760 691 2831; x_wconf 85' lang='lat' dir='ltr'><strong>adflictam</strong></span> <span class='ocrx_word' id='word_1_182' title='bbox 719 2760 942 2830; x_wconf 87' lang='lat' dir='ltr'><strong>deseruisset:</strong></span> <span class='ocrx_word' id='word_1_183' title='bbox 981 2761 1088 2831; x_wconf 91' lang='lat' dir='ltr'><strong>simul</strong></span> <span class='ocrx_word' id='word_1_184' title='bbox 1111 2757 1252 2832; x_wconf 89' lang='lat' dir='ltr'><strong>honora</strong></span> <span class='ocrx_word' id='word_1_185' title='bbox 1273 2764 1316 2832; x_wconf 89' lang='lat' dir='ltr'><strong>de</strong></span> 
     </span>
     <span class='ocr_line' id='line_1_26' title="bbox 200 2859 1376 2956; baseline -0.002 -19"><span class='ocrx_word' id='word_1_186' title='bbox 200 2864 415 2937; x_wconf 86' lang='lat' dir='ltr'><strong>Germanico</strong></span> <span class='ocrx_word' id='word_1_187' title='bbox 438 2859 674 2955; x_wconf 81' lang='lat' dir='ltr'><strong>Agrippinam</strong></span> <span class='ocrx_word' id='word_1_188' title='bbox 695 2862 869 2934; x_wconf 89' lang='lat' dir='ltr'><strong>miserans</strong></span> <span class='ocrx_word' id='word_1_189' title='bbox 889 2862 1091 2938; x_wconf 85' lang='lat' dir='ltr'><strong>disserebat.</strong></span> <span class='ocrx_word' id='word_1_190' title='bbox 1148 2860 1199 2934; x_wconf 88' lang='lat' dir='ltr'><strong>Et</strong></span> <span class='ocrx_word' id='word_1_191' title='bbox 1218 2878 1314 2956; x_wconf 86' lang='lat' dir='ltr'><strong>post·</strong></span> <span class='ocrx_word' id='word_1_192' title='bbox 1375 2935 1376 2944; x_wconf 66' lang='grc'>,</span> 
     </span>
     <span class='ocr_line' id='line_1_27' title="bbox 199 2964 1313 3064; baseline 0.001 -28"><span class='ocrx_word' id='word_1_193' title='bbox 199 2975 311 3064; x_wconf 73' lang='lat' dir='ltr'><strong>quain</strong></span> <span class='ocrx_word' id='word_1_194' title='bbox 321 2965 495 3050; x_wconf 86' lang='lat' dir='ltr'><strong>Sabinus,</strong></span> <span class='ocrx_word' id='word_1_195' title='bbox 521 2978 563 3034; x_wconf 92' lang='lat' dir='ltr'><strong>ut</strong></span> <span class='ocrx_word' id='word_1_196' title='bbox 583 2978 667 3035; x_wconf 87' lang='lat' dir='ltr'><strong>sunt</strong></span> <span class='ocrx_word' id='word_1_197' title='bbox 684 2965 811 3034; x_wconf 90' lang='lat' dir='ltr'><strong>molles</strong></span> <span class='ocrx_word' id='word_1_198' title='bbox 832 2964 873 3032; x_wconf 90' lang='lat' dir='ltr'><strong>in</strong></span> <span class='ocrx_word' id='word_1_199' title='bbox 892 2966 1088 3038; x_wconf 85' lang='lat' dir='ltr'><strong>calamitate</strong></span> <span class='ocrx_word' id='word_1_200' title='bbox 1109 2968 1313 3037; x_wconf 88' lang='lat' dir='ltr'><strong>mortalium</strong></span> 
     </span>
    </p>
   </div>
   <div class='ocr_carea' id='block_1_4' title="bbox 190 3228 1375 4254">
    <p class='ocr_par' dir='ltr' id='par_1_4' title="bbox 198 3228 1309 3373">
     <span class='ocr_line' id='line_1_28' title="bbox 233 3228 1307 3298; baseline 0.001 -14"><span class='ocrx_word' id='word_1_201' title='bbox 233 3231 370 3284; x_wconf 75' lang='lat' dir='ltr'><strong>manebat</strong></span> <span class='ocrx_word' id='word_1_202' title='bbox 388 3229 489 3298; x_wconf 60' lang='lat' dir='ltr'><strong>qnippe</strong></span> <span class='ocrx_word' id='word_1_203' title='bbox 506 3238 559 3283; x_wconf 83' lang='lat' dir='ltr'><strong>etc.</strong></span> <span class='ocrx_word' id='word_1_204' title='bbox 602 3228 676 3284; x_wconf 82' lang='lat' dir='ltr'><strong>llaec</strong></span> <span class='ocrx_word' id='word_1_205' title='bbox 696 3248 738 3282; x_wconf 89' lang='lat' dir='ltr'><strong>re·</strong></span> <span class='ocrx_word' id='word_1_206' title='bbox 811 3230 1031 3296; x_wconf 55' lang='lat' dir='ltr'><strong>precantum.</strong></span> <span class='ocrx_word' id='word_1_207' title='bbox 1064 3228 1251 3285; x_wconf 82' lang='lat' dir='ltr'><strong>Ernestiusnb</strong></span> <span class='ocrx_word' id='word_1_208' title='bbox 1264 3231 1307 3285; x_wconf 89' lang='lat' dir='ltr'><strong>de·</strong></span> 
     </span>
     <span class='ocr_line' id='line_1_29' title="bbox 198 3299 1309 3373; baseline 0 -20"><span class='ocrx_word' id='word_1_209' title='bbox 198 3300 316 3373; x_wconf 76' lang='lat' dir='ltr'><strong>spiciunt</strong></span> <span class='ocrx_word' id='word_1_210' title='bbox 327 3299 484 3352; x_wconf 63' lang='lat' dir='ltr'><strong>admotam</strong></span> <span class='ocrx_word' id='word_1_211' title='bbox 498 3301 597 3351; x_wconf 81' lang='lat' dir='ltr'><strong>otium.</strong></span> <span class='ocrx_word' id='word_1_212' title='bbox 779 3299 891 3354; x_wconf 86' lang='lat' dir='ltr'><strong>lendum</strong></span> <span class='ocrx_word' id='word_1_213' title='bbox 915 3312 1017 3355; x_wconf 85' lang='lat' dir='ltr'><strong>censet.</strong></span> <span class='ocrx_word' id='word_1_214' title='bbox 1062 3299 1117 3353; x_wconf 82' lang='lat' dir='ltr'><strong>Sed</strong></span> <span class='ocrx_word' id='word_1_215' title='bbox 1136 3319 1253 3372; x_wconf 87' lang='lat' dir='ltr'><strong>quaero,</strong></span> <span class='ocrx_word' id='word_1_216' title='bbox 1277 3319 1309 3356; x_wconf 75' lang='lat' dir='ltr'><strong>aa</strong></span> 
     </span>
    </p>

    <p class='ocr_par' dir='ltr' id='par_1_5' title="bbox 190 3366 1375 4254">
     <span class='ocr_line' id='line_1_30' title="bbox 232 3366 1309 3440; baseline -0.001 -18"><span class='ocrx_word' id='word_1_217' title='bbox 232 3371 413 3422; x_wconf 78' lang='lat' dir='ltr'><strong>celeberrimo</strong></span> <span class='ocrx_word' id='word_1_218' title='bbox 418 3367 493 3434; x_wconf 84' lang='lat' dir='ltr'><strong>sori.</strong></span> <span class='ocrx_word' id='word_1_219' title='bbox 514 3366 654 3436; x_wconf 79' lang='lat' dir='ltr'><strong>Emestins</strong></span> <span class='ocrx_word' id='word_1_220' title='bbox 664 3366 737 3420; x_wconf 88' lang='lat' dir='ltr'><strong>bene</strong></span> <span class='ocrx_word' id='word_1_221' title='bbox 813 3380 923 3440; x_wconf 86' lang='lat' dir='ltr'><strong>opterea</strong></span> <span class='ocrx_word' id='word_1_222' title='bbox 953 3368 1031 3425; x_wconf 83' lang='lat' dir='ltr'><strong>locus</strong></span> <span class='ocrx_word' id='word_1_223' title='bbox 1067 3368 1166 3422; x_wconf 86' lang='lat' dir='ltr'><strong>melior</strong></span> <span class='ocrx_word' id='word_1_224' title='bbox 1202 3370 1309 3423; x_wconf 76' lang='lat' dir='ltr'><strong>evadat?</strong></span> 
     </span>
     <span class='ocr_line' id='line_1_31' title="bbox 198 3387 1308 3508; baseline 0.001 -17"><span class='ocrx_word' id='word_1_225' title='bbox 198 3435 736 3508; x_wconf 75' lang='lat' dir='ltr'><strong>interpretauut„qnotemporelornm</strong></span> <span class='ocrx_word' id='word_1_226' title='bbox 776 3387 866 3491; x_wconf 69' lang='lat' dir='ltr'><strong>limo</strong></span> <span class='ocrx_word' id='word_1_227' title='bbox 890 3437 962 3490; x_wconf 85' lang='lat' dir='ltr'><strong>ambi</strong></span> <span class='ocrx_word' id='word_1_228' title='bbox 1001 3438 1092 3504; x_wconf 70' lang='lat' dir='ltr'><strong>itatem</strong></span> <span class='ocrx_word' id='word_1_229' title='bbox 1113 3436 1308 3492; x_wconf 82' lang='lat' dir='ltr'><strong>intolerabilem</strong></span> 
     </span>
     <span class='ocr_line' id='line_1_32' title="bbox 198 3456 1308 3581; baseline 0.001 -22"><span class='ocrx_word' id='word_1_230' title='bbox 198 3507 385 3581; x_wconf 82' lang='lat' dir='ltr'><strong>plenissimum</strong></span> <span class='ocrx_word' id='word_1_231' title='bbox 421 3503 612 3560; x_wconf 83' lang='lat' dir='ltr'><strong>hominibus.”</strong></span> <span class='ocrx_word' id='word_1_232' title='bbox 663 3504 734 3557; x_wconf 86' lang='lat' dir='ltr'><strong>Nam</strong></span> <span class='ocrx_word' id='word_1_233' title='bbox 776 3505 921 3560; x_wconf 78' lang='lat' dir='ltr'><strong>contrabit.</strong></span> <span class='ocrx_word' id='word_1_234' title='bbox 956 3456 1029 3559; x_wconf 62' lang='lat' dir='ltr'><strong>idm</strong></span> <span class='ocrx_word' id='word_1_235' title='bbox 1040 3506 1112 3559; x_wconf 88' lang='lat' dir='ltr'><strong>enim</strong></span> <span class='ocrx_word' id='word_1_236' title='bbox 1126 3507 1181 3560; x_wconf 77' lang='lat' dir='ltr'><strong>r&#39;lls&#39;s</strong></span> <span class='ocrx_word' id='word_1_237' title='bbox 1193 3509 1308 3578; x_wconf 88' lang='lat' dir='ltr'><strong>pendere</strong></span> 
     </span>
     <span class='ocr_line' id='line_1_33' title="bbox 190 3572 1307 3648; baseline -0.001 -18"><span class='ocrx_word' id='word_1_238' title='bbox 190 3576 291 3648; x_wconf 78' lang='lat' dir='ltr'><strong>sorum</strong></span> <span class='ocrx_word' id='word_1_239' title='bbox 302 3592 360 3628; x_wconf 89' lang='lat' dir='ltr'><strong>uon</strong></span> <span class='ocrx_word' id='word_1_240' title='bbox 374 3572 466 3626; x_wconf 85' lang='lat' dir='ltr'><strong>solum</strong></span> <span class='ocrx_word' id='word_1_241' title='bbox 485 3572 519 3626; x_wconf 87' lang='lat' dir='ltr'><strong>de</strong></span> <span class='ocrx_word' id='word_1_242' title='bbox 537 3572 672 3626; x_wconf 82' lang='lat' dir='ltr'><strong>locofori</strong></span> <span class='ocrx_word' id='word_1_243' title='bbox 692 3593 736 3628; x_wconf 88' lang='lat' dir='ltr'><strong>va·</strong></span> <span class='ocrx_word' id='word_1_244' title='bbox 776 3585 868 3643; x_wconf 84' lang='lat' dir='ltr'><strong>potest</strong></span> <span class='ocrx_word' id='word_1_245' title='bbox 892 3576 1013 3629; x_wconf 83' lang='lat' dir='ltr'><strong>everbo</strong></span> <span class='ocrx_word' id='word_1_246' title='bbox 1033 3576 1252 3646; x_wconf 76' lang='lat' dir='ltr'><strong>ott&#39;ctetantur,</strong></span> <span class='ocrx_word' id='word_1_247' title='bbox 1280 3585 1307 3629; x_wconf 87' lang='lat' dir='ltr'><strong>ut</strong></span> 
     </span>
     <span class='ocr_line' id='line_1_34' title="bbox 198 3640 1306 3708; baseline -0.001 -10"><span class='ocrx_word' id='word_1_248' title='bbox 198 3648 248 3708; x_wconf 84' lang='lat' dir='ltr'><strong>let,</strong></span> <span class='ocrx_word' id='word_1_249' title='bbox 272 3641 418 3697; x_wconf 83' lang='lat' dir='ltr'><strong>sedetiam</strong></span> <span class='ocrx_word' id='word_1_250' title='bbox 439 3640 666 3696; x_wconf 84' lang='lat' dir='ltr'><strong>demnltitudiue</strong></span> <span class='ocrx_word' id='word_1_251' title='bbox 684 3642 737 3696; x_wconf 89' lang='lat' dir='ltr'><strong>bo·</strong></span> <span class='ocrx_word' id='word_1_252' title='bbox 776 3643 908 3697; x_wconf 85' lang='lat' dir='ltr'><strong>sententia</strong></span> <span class='ocrx_word' id='word_1_253' title='bbox 929 3643 977 3697; x_wconf 85' lang='lat' dir='ltr'><strong>sit:</strong></span> <span class='ocrx_word' id='word_1_254' title='bbox 1007 3646 1146 3698; x_wconf 85' lang='lat' dir='ltr'><strong>obiectum</strong></span> <span class='ocrx_word' id='word_1_255' title='bbox 1169 3663 1227 3699; x_wconf 87' lang='lat' dir='ltr'><strong>esse</strong></span> <span class='ocrx_word' id='word_1_256' title='bbox 1250 3643 1306 3704; x_wconf 87' lang='lat' dir='ltr'><strong>illis,</strong></span> 
     </span>
     <span class='ocr_line' id='line_1_35' title="bbox 198 3709 1069 3782; baseline -0.005 -15"><span class='ocrx_word' id='word_1_257' title='bbox 198 3716 305 3768; x_wconf 81' lang='lat' dir='ltr'><strong>minum</strong></span> <span class='ocrx_word' id='word_1_258' title='bbox 324 3712 354 3764; x_wconf 90' lang='lat' dir='ltr'><strong>in</strong></span> <span class='ocrx_word' id='word_1_259' title='bbox 372 3709 436 3763; x_wconf 84' lang='lat' dir='ltr'><strong>loro</strong></span> <span class='ocrx_word' id='word_1_260' title='bbox 452 3710 599 3778; x_wconf 80' lang='lat' dir='ltr'><strong>agentium.</strong></span> <span class='ocrx_word' id='word_1_261' title='bbox 623 3711 660 3765; x_wconf 82' lang='lat' dir='ltr'><strong>ef.</strong></span> <span class='ocrx_word' id='word_1_262' title='bbox 673 3711 735 3764; x_wconf 87' lang='lat' dir='ltr'><strong>Vir·</strong></span> <span class='ocrx_word' id='word_1_263' title='bbox 778 3711 854 3780; x_wconf 84' lang='lat' dir='ltr'><strong>qnod</strong></span> <span class='ocrx_word' id='word_1_264' title='bbox 868 3731 898 3765; x_wconf 88' lang='lat' dir='ltr'><strong>ea</strong></span> <span class='ocrx_word' id='word_1_265' title='bbox 912 3713 1069 3782; x_wconf 82' lang='lat' dir='ltr'><strong>spreverint.</strong></span> 
     </span>
     <span class='ocr_line' id='line_1_36' title="bbox 198 3779 1323 3854; baseline 0.006 -22"><span class='ocrx_word' id='word_1_266' title='bbox 198 3779 464 3854; x_wconf 71' lang='lat' dir='ltr'><strong>gil.Georg.2,602.</strong></span> <span class='ocrx_word' id='word_1_267' title='bbox 480 3781 734 3848; x_wconf 62' lang='lat' dir='ltr'><strong>sumnumsorum.</strong></span> <span class='ocrx_word' id='word_1_268' title='bbox 810 3779 879 3833; x_wconf 77' lang='lat' dir='ltr'><strong>Car.</strong></span> <span class='ocrx_word' id='word_1_269' title='bbox 892 3780 935 3833; x_wconf 82' lang='lat'><strong>68.</strong></span> <span class='ocrx_word' id='word_1_270' title='bbox 955 3780 1066 3836; x_wconf 73' lang='lat' dir='ltr'><strong>Sdano.</strong></span> <span class='ocrx_word' id='word_1_271' title='bbox 1099 3780 1168 3838; x_wconf 87' lang='lat' dir='ltr'><strong>Edd.</strong></span> <span class='ocrx_word' id='word_1_272' title='bbox 1181 3783 1323 3839; x_wconf 72' lang='lat' dir='ltr'><strong>Ber..llc.·</strong></span> 
     </span>
     <span class='ocr_line' id='line_1_37' title="bbox 197 3846 1303 3915; baseline -0.001 -8"><span class='ocrx_word' id='word_1_273' title='bbox 197 3851 312 3907; x_wconf 84' lang='lat' dir='ltr'><strong>Aeneid.</strong></span> <span class='ocrx_word' id='word_1_274' title='bbox 333 3849 369 3911; x_wconf 73' lang='grc'><strong>’2,</strong></span> <span class='ocrx_word' id='word_1_275' title='bbox 397 3848 459 3902; x_wconf 82' lang='grc'><strong>758.</strong></span> <span class='ocrx_word' id='word_1_276' title='bbox 492 3848 595 3915; x_wconf 82' lang='lat' dir='ltr'><strong>soram</strong></span> <span class='ocrx_word' id='word_1_277' title='bbox 628 3850 734 3902; x_wconf 83' lang='lat' dir='ltr'><strong>indicit.</strong></span> <span class='ocrx_word' id='word_1_278' title='bbox 775 3846 896 3904; x_wconf 80' lang='lat' dir='ltr'><strong>Rbenau.</strong></span> <span class='ocrx_word' id='word_1_279' title='bbox 914 3849 979 3904; x_wconf 86' lang='lat' dir='ltr'><strong>Atd.</strong></span> <span class='ocrx_word' id='word_1_280' title='bbox 997 3849 1117 3905; x_wconf 67' lang='lat' dir='ltr'><strong>Siliano.</strong></span> <span class='ocrx_word' id='word_1_281' title='bbox 1163 3853 1228 3910; x_wconf 85' lang='lat' dir='ltr'><strong>vid.</strong></span> <span class='ocrx_word' id='word_1_282' title='bbox 1252 3864 1303 3908; x_wconf 89' lang='lat' dir='ltr'><strong>not.</strong></span> 
     </span>
     <span class='ocr_line' id='line_1_38' title="bbox 197 3917 1375 3991; baseline -0.003 -16"><span class='ocrx_word' id='word_1_283' title='bbox 197 3918 393 3991; x_wconf 73' lang='lat' dir='ltr'><strong>Wopkensius</strong></span> <span class='ocrx_word' id='word_1_284' title='bbox 411 3927 502 3971; x_wconf 64' lang='lat' dir='ltr'><strong>umen</strong></span> <span class='ocrx_word' id='word_1_285' title='bbox 521 3917 623 3970; x_wconf 77' lang='lat' dir='ltr'><strong>mavult</strong></span> <span class='ocrx_word' id='word_1_286' title='bbox 639 3937 734 3971; x_wconf 81' lang='lat' dir='ltr'><strong>vocem</strong></span> <span class='ocrx_word' id='word_1_287' title='bbox 775 3917 885 3977; x_wconf 73' lang='lat' dir='ltr'><strong>ad24.</strong></span> <span class='ocrx_word' id='word_1_288' title='bbox 1373 3931 1375 3956; x_wconf 80' lang='lat'><strong>⁴</strong></span> 
     </span>
     <span class='ocr_line' id='line_1_39' title="bbox 196 3984 1303 4059; baseline 0.001 -16"><span class='ocrx_word' id='word_1_289' title='bbox 196 3988 310 4059; x_wconf 83' lang='lat' dir='ltr'><strong>intelligi</strong></span> <span class='ocrx_word' id='word_1_290' title='bbox 329 3987 362 4046; x_wconf 83' lang='lat' dir='ltr'><strong>de</strong></span> <span class='ocrx_word' id='word_1_291' title='bbox 381 3985 556 4039; x_wconf 73' lang='lat' dir='ltr'><strong>celeberrima</strong></span> <span class='ocrx_word' id='word_1_292' title='bbox 572 3984 626 4037; x_wconf 83' lang='lat' dir='ltr'><strong>sori</strong></span> <span class='ocrx_word' id='word_1_293' title='bbox 646 3996 732 4056; x_wconf 86' lang='lat' dir='ltr'><strong>parte.</strong></span> <span class='ocrx_word' id='word_1_294' title='bbox 809 3989 950 4044; x_wconf 79' lang='lat' dir='ltr'><strong>voluntas.</strong></span> <span class='ocrx_word' id='word_1_295' title='bbox 984 3985 1017 4039; x_wconf 82' lang='grc' dir='ltr'><strong>Η.</strong></span> <span class='ocrx_word' id='word_1_296' title='bbox 1025 4004 1049 4041; x_wconf 89' lang='lat' dir='ltr'><strong>e.</strong></span> <span class='ocrx_word' id='word_1_297' title='bbox 1062 3988 1262 4055; x_wconf 81' lang='lat' dir='ltr'><strong>benevolentia,</strong></span> <span class='ocrx_word' id='word_1_298' title='bbox 1277 4000 1303 4044; x_wconf 85' lang='lat' dir='ltr'><strong>ut</strong></span> 
     </span>
     <span class='ocr_line' id='line_1_40' title="bbox 196 4053 1300 4126; baseline 0.004 -16"><span class='ocrx_word' id='word_1_299' title='bbox 196 4057 250 4110; x_wconf 84' lang='lat' dir='ltr'><strong>Sed</strong></span> <span class='ocrx_word' id='word_1_300' title='bbox 263 4058 356 4118; x_wconf 78' lang='lat' dir='ltr'><strong>locus,</strong></span> <span class='ocrx_word' id='word_1_301' title='bbox 374 4074 455 4126; x_wconf 83' lang='lat' dir='ltr'><strong>quem</strong></span> <span class='ocrx_word' id='word_1_302' title='bbox 468 4053 510 4106; x_wconf 86' lang='lat' dir='ltr'><strong>illi</strong></span> <span class='ocrx_word' id='word_1_303' title='bbox 529 4053 668 4117; x_wconf 79' lang='lat' dir='ltr'><strong>volebant,</strong></span> <span class='ocrx_word' id='word_1_304' title='bbox 686 4067 734 4108; x_wconf 76' lang='lat' dir='ltr'><strong>sa-</strong></span> <span class='ocrx_word' id='word_1_305' title='bbox 773 4053 1024 4126; x_wconf 86' lang='lat' dir='ltr'><strong>apndSneton.lnl.</strong></span> <span class='ocrx_word' id='word_1_306' title='bbox 1039 4057 1114 4110; x_wconf 64' lang='lat'><strong>027.</strong></span> <span class='ocrx_word' id='word_1_307' title='bbox 1131 4061 1300 4114; x_wconf 78' lang='lat' dir='ltr'><strong>adretitern·</strong></span> 
     </span>
     <span class='ocr_line' id='line_1_41' title="bbox 194 4123 1302 4246; baseline 0.004 -69"><span class='ocrx_word' id='word_1_308' title='bbox 194 4124 229 4177; x_wconf 77' lang='lat' dir='ltr'><strong>tis</strong></span> <span class='ocrx_word' id='word_1_309' title='bbox 245 4123 373 4177; x_wconf 82' lang='lat' dir='ltr'><strong>definitur</strong></span> <span class='ocrx_word' id='word_1_310' title='bbox 394 4143 442 4195; x_wconf 86' lang='lat' dir='ltr'><strong>per</strong></span> <span class='ocrx_word' id='word_1_311' title='bbox 460 4123 579 4191; x_wconf 71' lang='lat' dir='ltr'><strong>ffgc&#39;em</strong></span> <span class='ocrx_word' id='word_1_312' title='bbox 597 4124 733 4177; x_wconf 79' lang='lat' dir='ltr'><strong>diviAn·</strong></span> <span class='ocrx_word' id='word_1_313' title='bbox 773 4129 857 4246; x_wconf 59' lang='lat' dir='ltr'><strong>dolqen</strong></span> <span class='ocrx_word' id='word_1_314' title='bbox 865 4123 994 4190; x_wconf 72' lang='lat' dir='ltr'><strong>Pompeii</strong></span> <span class='ocrx_word' id='word_1_315' title='bbox 1017 4129 1247 4183; x_wconf 79' lang='lat' dir='ltr'><strong>necessitudinem</strong></span> <span class='ocrx_word' id='word_1_316' title='bbox 1272 4147 1302 4181; x_wconf 81' lang='lat' dir='ltr'><strong>ae</strong></span> 
     </span>
     <span class='ocr_line' id='line_1_42' title="bbox 194 4190 1219 4254; baseline 0.007 -13"><span class='ocrx_word' id='word_1_317' title='bbox 194 4195 276 4254; x_wconf 79' lang='lat' dir='ltr'><strong>gusti.</strong></span> <span class='ocrx_word' id='word_1_318' title='bbox 360 4231 365 4240; x_wconf 95' lang='lat'><strong>.</strong></span> <span class='ocrx_word' id='word_1_319' title='bbox 773 4210 808 4244; x_wconf 81' lang='lat' dir='ltr'><strong>vo</strong></span> <span class='ocrx_word' id='word_1_320' title='bbox 858 4200 956 4248; x_wconf 81' lang='lat' dir='ltr'><strong>tatem.</strong></span> <span class='ocrx_word' id='word_1_321' title='bbox 1215 4190 1219 4208; x_wconf 84' lang='lat'><em>¹</em></span> 
     </span>
    </p>
   </div>
   <div class='ocr_carea' id='block_1_5' title="bbox 0 0 1400 4642">
    <p class='ocr_par' dir='ltr' id='par_1_6' title="bbox 0 0 1400 4642">
     <span class='ocr_line' id='line_1_43' title="bbox 0 0 1400 4642; baseline 0 5"><span class='ocrx_word' id='word_1_322' title='bbox 0 0 1400 4642; x_wconf 95' lang='lat' dir='ltr'><strong> </strong></span> 
     </span>
    </p>
   </div>
  </div>
 </body>
</html>
