2792 4642
178 204 226 279 16
255 182 258 189 “
574 150 884 271 amoarium
1105 194 1240 296 m

172 358 278 431 blicis
317 353 525 425 muneribus
565 368 748 446 usurpare.
819 350 892 424 Sed
928 353 1095 424 defuncto
1125 348 1289 446 Augusto

147 520 150 529 .
171 463 315 555 ,signum
331 456 519 550 praetoriis
539 449 747 537 cohortibus
768 468 811 527 ut
829 454 1021 547 imperator
1043 456 1205 528 dederat:
1231 481 1293 527 ex-

145 630 149 657 ,
173 564 320 646 cubiae,
351 584 470 645 arma,
501 570 616 629 cetere
635 559 755 630 arulae:
784 557 886 626 miles
903 559 943 626 in
958 559 1098 644 forum,
1126 560 1230 628 miles
1251 559 1292 628 in

40 670 157 763 ,mg
174 665 311 739 curiam
350 660 597 734 comitabatur.
670 661 808 741 litteras
841 660 888 729 ad
919 660 1091 730 exercitus
1108 673 1294 756 ,tanquam

32 762 304 929 Jmadepto
323 763 524 856 principatu
547 760 666 847 misit,
699 785 878 854 nusquam
901 762 1188 848 cunctabundus,
1221 763 1294 833 nisi

38 874 44 899 '
82 882 88 909 ¹
175 894 258 942 cum
280 870 320 937 in
342 880 467 936 senatu
487 864 706 958 loqueretur.
755 860 870 933 Causa
890 857 1146 956 praecipuam
1165 865 1295 936 formi-

175 974 281 1056 dine,
305 992 351 1038 ne
367 964 619 1049 Germanicus,
644 966 684 1034 in
703 963 805 1034 cuius
820 989 930 1035 manu
954 978 1007 1035 tot
1024 967 1197 1055 legiones,
1221 967 1294 1036 im-

164 1097 297 1147 mensa
329 1070 507 1140 sociorum
537 1067 686 1153 auxilia,
727 1065 840 1141 mirus
860 1066 966 1158 apud'
980 1070 1153 1160 populum
1180 1072 1296 1155 favor,

153 1164 306 1248 Thaberc
322 1170 511 1264 imperium
528 1193 636 1262 quam
653 1181 850 1261 exspectare
871 1169 1004 1243 mallet.
1056 1167 1175 1241 Dabat
1189 1186 1224 1241 et·
1238 1173 1295 1242 fa·
1337 1236 1348 1250 ,,

174 1303 274 1374 mae,
297 1288 339 1345 ut
358 1286 503 1342 vocatus
518 1271 718 1364 electusque
733 1271 851 1362 potius
866 1295 887 1339 a
901 1294 940 1339 re
957 1271 1100 1362 publica
1113 1274 1297 1344 videretur
1318 1312 1321 1318 ·
1344 1290 1346 1293 ’

95 1452 103 1461 ,
148 1405 285 1476 ·quam
314 1384 380 1469 pe'r
410 1373 577 1444 uxorium
608 1373 784 1442 ambitum
816 1385 851 1442 et
881 1372 987 1441 senili
1011 1374 1203 1466 adoptione
1235 1376 1296 1444 in.

176 1482 334 1575 repsisse.
382 1473 508 1563 Postea
525 1475 709 1565 cognitum
730 1474 849 1545 estad
872 1474 1167 1567 introspiciendas
1188 1479 1302 1548 etiam·

176 1603 365 1678 procerum
378 1578 579 1647 voluntates
594 1566 776 1661 inductam
795 1576 1065 1667 dubitationem.
1112 1604 1196 1649 nam
1213 1580 1297 1650 ver-

175 1689 245 1775 ba,
267 1681 388 1775 rultus
403 1679 441 1747 in
457 1679 592 1749 crimen
607 1680 821 1774 detorquens
836 1678 1061 1755 recondebat.

293 1762 644 1803 ’'''w·'‘'‘”⁶‘

177 1931 280 1971 munus
297 1911 376 1976 dicit,
395 1910 523 1982 quoniam
541 1911 612 1965 haud
633 1909 715 1965 dubie
757 1909 848 1982 quales
868 1910 937 1981 patri
957 1910 1076 1964 honores
1098 1910 1151 1964 sint
1170 1909 1298 1976 habendi,

176 1995 300 2055 senatum
329 2000 482 2038 convocare
504 1980 645 2062 publicum
673 1990 716 2033 est
756 1999 814 2033 non
831 1980 974 2032 abscedere
991 2000 1006 2033 a
1026 1998 1156 2050 corpore,
1179 1979 1198 2034 i.
1219 2000 1242 2032 e.
1268 2001 1298 2034 se

176 2075 276 2111 munus
302 2070 390 2122 neque
414 2050 521 2121 privati.
560 2052 714 2116 permode—
756 2048 823 2102 illud
844 2048 873 2099 in
896 2050 991 2101 urbem
1012 2047 1184 2101 inserendum
1210 2044 1298 2102 crimi-

175 2135 252 2183 stum
273 2121 310 2191 (b.
327 2142 350 2174 e.
367 2118 465 2202 procul
486 2119 518 2171 ab
541 2118 616 2171 omni
630 2118 715 2189 impe·
756 2117 821 2179 tari,
843 2126 894 2169 etc.
936 2115 979 2170 De
998 2136 1050 2169 usu
1071 2117 1232 2187 copularum
1247 2137 1298 2170 ne·

175 2195 210 2251 rii
235 2190 401 2261 adrogantia)
422 2186 488 2240 illud
509 2187 629 2239 edictum
656 2206 714 2239 non
757 2204 810 2253 que
825 2217 862 2229 -
878 2193 905 2237 ct
939 2196 1069 2258 provocat
1101 2185 1134 2239 ad
1162 2186 1298 2240 'Broederi

176 2271 283 2336 poterat
299 2270 368 2313 'non
385 2255 494 2315 ,viderit
524 2255 615 2336 prodit
640 2254 714 2307 enim
758 2272 872 2326 gramm.
890 2255 951 2308 mai.
972 2257 998 2321 §.
1017 2254 1077 2306 654.
1113 2253 1167 2307 Sed
1186 2272 1217 2325 se
1236 2273 1298 2314 non

176 2331 298 2386 animum
320 2335 410 2378 morte
437 2334 553 2395 parentis
579 2323 614 2376 ita
639 2322 715 2377 adili·
757 2325 904 2376 abscedere
931 2344 951 2376 a
975 2341 1089 2391 corpore
1116 2322 1298 2379 hauddubie
1359 2352 1363 2363 ι

176 2409 251 2457 ctum
281 2406 306 2449 et
333 2397 365 2448 ab
392 2380 541 2462 imperandi
568 2392 713 2463 cupiditate
756 2393 817 2463 pius
848 2392 913 2446 dicit
939 2404 1019 2464 atque
1046 2393 1133 2455 atiud,
1163 2413 1245 2465 quam
1261 2394 1299 2447 -si

176 2477 329 2528 remotim,
346 2474 375 2516 ut
384 2461 492 2533 publica
506 2480 619 2513 munera
636 2460 714 2531 piane
757 2462 916 2532 simpliciter
929 2461 1090 2543 scripsisset,
1110 2481 1137 2513 se
1152 2481 1253 2532 corpus
1269 2463 1300 2516 in

176 2537 326 2593 omissuros
344 2531 478 2591 videatur,
500 2530 530 2581 ni
552 2540 657 2582 senatus
681 2529 715 2582 de
757 2532 853 2583 urbem
866 2530 1007 2589 comitari,
1031 2541 1057 2582 et
1072 2541 1214 2601 propterea
1230 2536 1304 2584 conss

175 2606 327 2662 honoribus
343 2599 460 2673 parentis
479 2599 661 2653 consulendus
676 2593 736 2650 es-'
758 2600 895 2669 sequentia
920 2600 1122 2662 membrorum,
1149 2619 1231 2671 quam
1251 2600 1300 2653 ilie

73 2710 80 2725 ,
124 2702 129 2715 .
175 2685 225 2731 get,
252 2707 288 2720 ...
329 2672 403 2724 Inter
429 2677 529 2721 veteres
557 2667 716 2737 interpretes
757 2665 983 2738 bugin-absurda,
995 2667 1103 2720 videtur
1117 2687 1182 2722 esse.

179 2743 376 2816 disceptabatur
404 2736 439 2807 de
468 2753 598 2803 corpore,
659 2736 716 2789 uod
791 2738 901 2803 siguum
912 2737 1062 2801 praetorib
1075 2738 1231 2789 cohortibus
1243 2747 1299 2792 etc.

177 2814 292 2868 Maurus
318 2822 344 2863 et
363 2806 562 2863 Freinshemius
586 2756 716 2877 intedige·
757 2804 801 2857 Ad
822 2816 911 2858 toturn
930 2803 1004 2860 bunc
1022 2804 1114 2858 locum
1135 2805 1171 2860 ci.
1186 2806 1239 2859 Dio
1254 2807 1306 2871 57,

177 2883 243 2936 bant
252 2881 284 2933 de
294 2881 332 2932 rei
345 2877 467 2958 publicae
479 2876 522 2929 vei
536 2885 642 2928 senatus
654 2892 714 2933 cor·
756 2875 846 2944 2sqq.
882 2873 926 2927 De
943 2873 1019 2946 signo
1041 2876 1181 2944 praetoriis
1199 2874 1300 2928 cobor-
1382 2876 1383 2881 ’

177 2969 260 3022 pore,
278 2966 353 3018 quasi
368 2946 492 2998 Tiberius
512 2945 612 2997 diceret
628 2961 715 2996 unum
757 2942 829 2995 tibus
848 2943 910 2995 dato
932 2941 968 2996 cf.
991 2941 1064 2994 Suet.
1081 2942 1139 3001 Cat.
1159 2963 1183 2997 c.
1199 2944 1242 2996 58.
1263 2944 1300 2998 de

177 3038 206 3072 se
243 3025 397 3070 senatorum
439 3030 505 3066 esse.
560 3011 716 3065 Ernestiusz
757 3010 873 3064 excubiis
898 3010 1082 3074 An.18,18.⁷
1114 3013 1181 3067 Hist.
1203 3012 1230 3073 Ξ,
1252 3014 1300 3066 44.

101 3122 106 3130 .
175 3105 251 3157 „ego
273 3101 340 3145 vero
361 3083 399 3135 sic
416 3081 553 3150 intelligor
578 3099 665 3149 noque
686 3098 715 3131 se
757 3076 897 3143 4,11.58.
932 3080 987 3133 An.
1003 3082 1042 3140 12,
1056 3081 1098 3135 69.
1152 3122 1154 3135 .

177 3155 357 3209 discessurum
374 3151 406 3203 ab
421 3148 538 3203 hacona
557 3168 600 3210 re,
617 3149 651 3200 de
672 3148 715 3200 su·
791 3150 901 3200 litteras
915 3150 1115 3205 attexat-ciros.
1150 3148 1204 3205 Dio
1220 3152 1238 3205 1.
1253 3153 1274 3207 l:
1320 3138 1324 3149 ι

176 3242 243 3278 nere
260 3219 390 3291 Augusti3
420 3217 474 3272 boc
493 3236 593 3278 unum,
617 3235 716 3286 nempe
791 3235 878 3269 causa
899 3218 1051 3283 praecipua
1074 3238 1112 3273 erc
1130 3222 1299 3289 formidine.

176 3294 321 3348 consulere
340 3298 474 3342 senatum
495 3291 530 3337 de
551 3303 588 3336 err
608 3304 654 3345 re,
687 3305 715 3338 se
756 3286 811 3340 Dio
827 3287 868 3348 57,
884 3285 910 3339 3.
942 3285 1018 3340 Suet.
1030 3287 1091 3341 Tib.
1109 3310 1134 3343 c.
1149 3291 1192 3343 25.

178 3363 211 3416 de
232 3359 346 3431 publicis
368 3356 526 3410 muneribus
551 3354 715 3425 usurpare.”
743 3399 748 3409 .
790 3365 833 3407 tot
845 3356 976 3422 legiones.
1011 3356 1047 3409 cf.
1064 3378 1137 3429 supr.
1160 3358 1223 3414 cab.

75 3474 78 3481 .
176 3429 283 3501 Lipsius
304 3447 399 3481 verum
419 3424 524 3479 viderat
539 3424 573 3476 de
587 3440 715 3488 corpore5
791 3434 965 3491 exspectare.
1019 3424 1089 3480 Edd.
1119 3437 1181 3481 vett.
1207 3446 1245 3480 etc
1283 3455 1300 3468 -
1379 3416 1381 3493 i

100 3508 102 3513 ’
164 3499 261 3569 ,verba
284 3498 366 3565 idque
387 3512 477 3547 unum
494 3493 565 3546 tatso
583 3492 715 3545 referebat
755 3503 842 3546 ctare.
1239 3528 1243 3537 ,

176 3568 210 3623 ad
225 3564 256 3620 τὸ
271 3566 549 3634 nequeabscederea
563 3580 585 3615 c.
610 3561 714 3613 Fceins·
790 3565 878 3614 dabat
890 3572 918 3615 et
923 3564 1034 3631 samoe.
1069 3562 1125 3616 Dio
1141 3564 1159 3617 l.
1173 3565 1192 3618 l.

177 3638 281 3692 bemius
294 3652 392 3688 vocem
409 3631 442 3683 de
456 3631 570 3702 publicis
593 3630 714 3682 muneri·
786 3650 840 3695 per
859 3630 998 3685 uxon'um‘
1014 3636 1160 3688 ambitum.
1203 3634 1322 3706 Respo,

136 3720 145 3725 “
177 3709 228 3762 bus
246 3705 346 3757 rectius
360 3700 523 3769 intelligebat
538 3699 570 3752 de
586 3697 713 3768 hoc‘ipso
747 3701 794 3754 ‘cit
808 3699 841 3751 ad
857 3702 950 3754 matris
965 3713 1034 3755 artes
1051 3722 1075 3755 c.
1092 3701 1117 3754 3.
1220 3752 1223 3755 .

178 3776 281 3836 edicto,
299 3771 372 3844 quod
386 3770 608 3841 praeponebatur.
635 3765 715 3836 Opti·
784 3771 936 3821 ¹inductam
957 3766 1182 3826 dubitationem(
1211 3773 1232 3824 Ι.
1249 3773 1297 3827 Fr.
1379 3822 1380 3837 ,

178 3844 275 3898 mede
296 3842 359 3894 loco
378 3838 490 3891 meritus
515 3848 554 3890 est
576 3835 714 3888 Woifius.
759 3836 914 3890 Gronovius
935 3839 1064 3891 coniecit:
1090 3840 1239 3900 indutam,
1266 3854 1299 3896 ut
1379 3848 1380 3854 ’

177 3912 330 3984 Schuppius
346 3910 428 3964 verba
445 3906 585 3976 coniungit
601 3906 651 3957 ita:
679 3909 715 3956 dc
757 3905 820 3961 infr.
835 3906 859 3966 6,
874 3906 916 3956 42.
938 3907 977 3965 15,
990 3907 1033 3958 69.
1060 3907 1121 3962 biv.
1132 3914 1159 3972 ,1,
1173 3911 1216 3962 56,
1249 3911 1297 3963 Se.

100 4016 102 4027 ,
177 3982 328 4036 honoribus
360 3978 487 4045 parentis
521 3978 716 4027 consulturum
759 3995 817 4027 nec.
834 3975 866 4025 de
882 3973 968 4026 benei'.
987 3976 1051 4038 22.
1088 3977 1231 4048 Vulgatam
1250 3980 1298 4031 de-

178 4068 267 4118 mque
285 4051 431 4101 abscedere
451 4067 469 4097 a
483 4062 609 4110 corpore,
634 4046 717 4110 sitque
758 4043 844 4095 tendit
860 4041 999 4096 Ernestius
1017 4055 1042 4096 et
1061 4046 1206 4100 inductam
1227 4050 1298 4101 acci·
1379 4059 1380 4065 '

179 4129 229 4171 etc.
242 4129 271 4169 ut
284 4116 470 4171 sententiasit:
488 4134 530 4175 se,
552 4122 579 4164 ut
592 4113 624 4165 de
635 4113 715 4182 patris
758 4114 797 4183 pit
810 4130 859 4181 pro
875 4113 1040 4167 adhibitum.
1077 4113 1132 4169 Cic.
1169 4117 1296 4173 coctoet.
1379 4101 1380 4135 ¹

178 4186 327 4240 honoribus
350 4185 448 4240 referat
470 4183 509 4237 rei
534 4193 565 4237 ut
585 4181 716 4244 consulat,
732 4193 742 4200 '
758 4200 782 4235 c.
798 4183 840 4234 11.
859 4181 952 4234 oratio
964 4182 1088 4238 inducta.
1123 4182 1145 4237 b
1173 4184 1220 4239 ott.
1234 4204 1298 4240 cum
