2792 4642
161 175 212 252 oe
558 167 872 248 cunamen
936 281 938 284 ι
1087 162 1217 274 gaen

261 323 429 404 XXXVI.
484 322 734 400 Coiuultatum
763 328 815 397 ibi
839 328 883 398 de
907 327 1076 426 remedio.
1138 327 1275 400 etenim

159 431 391 506 nuntiabatur
408 430 526 522 parari
536 430 695 520 legatos,
708 429 772 523 qui
783 430 1000 522 superiorem
1012 428 1207 502 exercitum
1223 430 1277 498 ad

161 557 304 608 causam
321 532 468 603 eandem
492 526 687 604 traherent:
713 532 927 604 destinatum
945 532 1079 606 excidio
1092 529 1275 603 Ubiorum

61 670 68 694 .
161 636 352 730 oppidum:
391 634 613 728 imbutasque
644 635 776 727 praeda
806 658 933 706 manus
963 634 1003 704 in
1035 633 1276 725 direptionem
1339 686 1341 690 -

112 797 116 808 .
163 737 364 809 Galliarum
379 748 573 828 erupturas.
623 729 793 825 Augebat
802 750 936 809 metum
947 747 1076 828 gnarus
1086 733 1275 806 Romanae

162 838 346 912 seditionis
360 851 412 923 et,
436 836 468 907 si
479 837 699 914 omitteretur
711 837 805 928 ripa,
831 836 1017 907 invasurus
1033 833 1159 907 hostis:
1181 847 1222 907 'at
1240 838 1277 906 si

162 931 294 1014 auxilia
313 955 348 1011 et
369 939 456 1010 socii
474 940 660 1010 adversum
678 938 895 1011 abscedentis
915 939 1070 1028 legiones
1090 963 1278 1037 orinaren.

163 1057 238 1130 tur,
270 1042 373 1114 civile
390 1042 525 1114 belluni
545 1039 686 1132 suscipi.
743 1038 940 1132 periculosa
960 1041 1140 1130 severitas,
1153 1050 1158 1056 ’
1170 1042 1289 1131 flagi-·

146 1146 253 1218 .tiosa
264 1144 419 1234 largitio:
445 1166 507 1211 seu
518 1137 610 1210 nihil
625 1141 733 1211 militi
750 1141 823 1212 sive
837 1142 956 1211 omnia
968 1144 1214 1228 concedentur,
1231 1144 1275 1214 in

163 1246 311 1339 ancipiti
326 1269 382 1344 res
399 1244 552 1336 publica.
604 1240 717 1333 Igitur
731 1244 898 1314 volutdtis
913 1244 1006 1313 inter
1020 1268 1056 1313 se
1073 1235 1276 1316 rationibus

149 1350 350 1443 ,placitum
387 1358 429 1415 ut
458 1345 624 1436 epistolae
653 1339 799 1415 nomine
824 1344 996 1438 principis
1020 1348 1273 1431 scriberentur:
1321 1395 1323 1399 -

163 1453 368 1521 missionem
379 1446 458 1515 dari
469 1447 592 1516 vicena
607 1448 781 1539 stipendia
791 1448 942 1518 meritis:
1006 1450 1191 1542 auctorati,
1211 1450 1276 1542 qui

64 1563 68 1570 '
164 1552 340 1622 senadena
353 1548 531 1633 fecissent,
556 1573 596 1618 ac
609 1549 756 1618 retineri
768 1551 834 1620 sub
846 1551 974 1619 vexillo
991 1575 1028 1620 ce
1045 1575 1188 1634 eroruni
1205 1576 1276 1619 ini-

163 1676 287 1724 munes
304 1650 374 1719 nisi
390 1651 624 1743 propulsandi
644 1646 770 1723 hostis:
799 1639 932 1741 legata,
958 1630 1275 1746 quaffqieffverant,

163 1754 299 1825 exsolvi
315 1751 571 1846 duplicarique.

96 1953 98 1956 ,
208 1939 211 1945 .
264 1867 451 1947 XXXVII.
502 1870 621 1944 Sensit
633 1873 735 1942 miles
748 1873 787 1941 in
798 1886 936 1965 tempus
949 1872 1113 1958 conficta,
1139 1843 1278 1944 statim-

165 1996 234 2072 que
254 1973 435 2066 flagitavit.
485 1974 606 2043 missio
625 1999 689 2067 per
710 1975 871 2043 tribunos
889 1955 1106 2053 math-ratur:
1134 1975 1277 2064 largitio

163 2078 394 2151 differebatur
412 2074 451 2144 in
469 2069 621 2180 hiberna
636 2077 816 2170 cuiusque.
865 2074 950 2146 Non
961 2077 1155 2146 abscessere
1169 2077 1278 2171 quin-

162 2307 280 2378 propi'us
293 2304 410 2374 intellige
422 2299 477 2371 dr,
498 2305 528 2355 in
540 2307 593 2357 der
603 2304 701 2367 Ndlm
717 2324 719 2326 ’
741 2321 780 2358 sc.
794 2313 834 2358 est
846 2303 1070 2365 deliberantibus,
1081 2304 1107 2359 h.
1116 2324 1139 2357 e.
1152 2304 1217 2358 duin
1229 2304 1276 2358 de·

165 2395 227 2448 opp.
242 2384 357 2428 extrema
371 2392 431 2445 pars
445 2373 597 2428 concionis.
631 2372 701 2427 Nam
742 2373 869 2436 liberant,
886 2374 1038 2456 intelligunt
1050 2373 1227 2446 periculosam
1235 2394 1278 2428 se·

164 2455 195 2500 ut
213 2442 400 2503 hortarentur,
423 2457 479 2495 non
497 2459 565 2513 opus
580 2452 636 2496 erit
652 2459 699 2497 ae·
742 2441 897 2506 ueritatem,
911 2442 1082 2514 ›flagitiosairi
1106 2442 1278 2513 largitionem

165 2531 256 2576 eeiiu,
275 2529 371 2566 verum
384 2509 505 2575 incessu,
528 2521 559 2565 ut
570 2511 698 2566 audiren-
742 2530 810 2565 eise.
845 2511 892 2566 Sic
904 2510 989 2564 lector
1001 2511 1030 2565 in
1042 2511 1157 2564 mediani
1167 2512 1278 2565 consul·

164 2592 219 2637 tur.
243 2578 281 2635 cf.
297 2579 402 2634 netad
417 2580 441 2644 2,
455 2578 498 2634 70.
688 2590 691 2596 '
741 2580 1000 2650 tadonemrapitur.
1045 2579 1099 2633 Per
1117 2579 1137 2632 't
1160 2580 1281 2650 scriptor

164 2687 168 2693 -
199 2650 267 2705 Car.
286 2648 330 2704 36,
382 2657 414 2701 at
434 2649 462 2702 si
483 2649 613 2710 anxilio.
652 2646 701 2703 Sic
742 2648 837 2702 eodem
859 2651 977 2701 tenorer'
993 2666 1043 2701 seu
1063 2666 1084 2698 n
1119 2648 1211 2703 ⁴1...
1230 2664 1281 2702 ree

89 2754 91 2758 ·
165 2718 295 2776 edd.Be'r.
312 2716 458 2773 libencius
497 2728 543 2772 ,et
557 2716 699 2772 indeBro·
739 2718 861 2786 publico.
896 2715 952 2769 lain
966 2735 1031 2769 vero
1048 2717 1165 2770 forniani
1179 2719 1279 2770 conce..

164 2799 215 2844 ter.
232 2786 330 2841 Wolf.
348 2806 407 2859 sqq.
491 2785 518 2841 d.
539 2786 616 2842 Pich.
640 2804 701 2858 sqq.
742 2790 877 2842 derentur
905 2784 934 2836 in
959 2785 1011 2840 bac
1034 2785 1101 2839 serie
1127 2785 1194 2841 ferri
1217 2805 1278 2841 non

165 2857 280 2911 ocsi'o.
656 2908 660 2914 ,
742 2872 821 2927 posse
849 2852 912 2906 satis
947 2863 1031 2925 poten
1073 2854 1279 2910 unice-rerum

199 2924 260 2978 siue
277 2922 383 2978 omnio.
431 2922 479 2977 sic
501 2924 628 2980 suadente
646 2921 700 2975 lac.
741 2926 943 2982 concedentur,
980 2931 1011 2974 nt
1046 2922 1080 2976 de
1114 2943 1145 2976 re
1178 2923 1280 2990 futura,
1352 2922 1355 2928 ’

165 2991 310 3046 Gronovio
327 2989 425 3045 Wolf.
443 3010 502 3062 sqq.
548 2992 617 3046 Nam
638 2989 701 3044 cod.
762 2983 823 3043 uani
848 2989 936 3043 adhuc
960 2990 1116 3045 deliberant.
1163 2993 1279 3048 Sensusr

164 3059 227 3116 MS.
240 3060 297 3113 sici·
305 3061 419 3122 ,omnio
436 3060 480 3113 vul
499 3062 538 3114 ari
553 3061 701 3114 litterarum
742 3010 808 3113 duni
827 3057 989 3122 deliberant,
1012 3059 1167 3130 intelligunt
1183 3061 1212 3115 in
1231 3081 1279 3114 an·

166 3127 468 3199 betuperuiutatione.
518 3129 562 3183 dd.
575 3127 702 3182 Beroald.
745 3127 818 3211 cipiti
836 3127 1042 3200 rempublicam
1054 3119 1127 3193 fore,
1144 3149 1191 3182 seu
1209 3129 1301 3185 nibil.
1387 3193 1388 3196 Ἴ

165 3196 288 3280 Rhenan.
305 3215 366 3280 sqq.
386 3195 514 3252 dederint
529 3215 579 3251 seu
596 3199 702 3251 omnio.
745 3194 826 3251 militi
837 3196 891 3250 sire
902 3198 993 3279 omnia
1004 3198 1196 3252 concedentur.
1237 3198 1278 3251 lta

167 3265 296 3320 Similiter
307 3282 367 3319 sive
381 3292 416 3306 -
435 3283 485 3319 seu
502 3293 536 3309 -·
554 3266 703 3327 An.1,10.
746 3266 804 3320 Cic.
822 3282 873 3335 pro
891 3266 998 3320 Caecin.
1022 3286 1046 3319 c.
1066 3267 1106 3319 18.
1127 3264 1229 3320 Sermo
1248 3274 1278 3317 ct

167 3335 208 3397 12,
220 3334 245 3387 8.
281 3325 466 3387 Germ-nil.
485 3353 536 3392 reu
549 3364 585 3376 -
599 3337 704 3389 ciue-
737 3331 1202 3403 sorni'li’ciris'etquondi'onusnon
1213 3350 1277 3385 eon·
1387 3321 1388 3366 7

166 3403 219 3456 An.
242 3402 266 3461 l.
281 3402 326 3455 60.
366 3403 423 3459 Sec
440 3422 497 3463 non
517 3404 631 3476 ponitur
642 3412 704 3456 aute
744 3405 845 3464 stabit,
867 3404 894 3455 σι’
906 3407 991 3456 verbo
1007 3404 1081 3454 inter
1095 3417 1148 3454 nos
1165 3419 1278 3456 oucu-

166 3468 297 3524 rocaleni.
391 3497 395 3507 =
742 3473 915 3554 potimur.
938 3501 950 3522 κ

202 3541 395 3606 concedentur.
434 3539 481 3594 Sic
498 3541 560 3595 cod.
578 3540 639 3595 MS.
659 3537 703 3592 ed.
779 3535 1117 3607 inonoipi‘ti‘respnbli‘cc.
1151 3537 1199 3593 Sic
1216 3541 1300 3598 cod..
1387 3533 1388 3552 ¹

80 3635 83 3646 ·
168 3606 292 3664 Beroald.
309 3611 529 3662 concederentur
550 3609 609 3663 edd.
633 3607 703 3661 Rhe·
744 3608 806 3662 MS.
816 3619 842 3661 et
853 3606 1103 3677 indePicbenasqq.
1138 3606 1277 3666 Eddller.

167 3696 231 3756 nan.
247 3694 304 3748 sqq.
339 3675 421 3730 Male.
456 3676 551 3730 Nullus
569 3678 641 3730 enim
658 3675 703 3758 liic
744 3674 987 3797 Rben.sqq.male:
1005 3677 1167 3743 inancibi'n'
1176 3679 1221 3732 Re
1228 3699 1260 3747 p.
1289 3695 1292 3702 “

167 3745 193 3800 ei
205 3743 309 3800 formae
322 3742 398 3797 locui
411 3755 464 3808 est,
482 3746 534 3800 nisi
550 3765 613 3801 cuin
624 3745 704 3798 llein·
780 3744 849 3797 Car.
887 3744 912 3798 7.
953 3762 984 3797 in
1000 3744 1121 3796 hiberno
1139 3749 1278 3819 cuiusque.

167 3813 208 3870 iio
245 3812 316 3886 legas
344 3814 536 3877 periculosam
564 3815 704 3866 seuerita—
745 3815 810 3867 Non
827 3814 899 3866 odae.
925 3810 1002 3865 'Edd
1016 3812 1078 3865 Ber.
1088 3813 1208 3872 Rhenan.
1219 3836 1278 3887 sqq.

51 3947 55 3958 .
163 3889 224 3935 tem
239 3921 246 3936 .
260 3920 287 3936 ..
304 3897 366 3933 rem
377 3878 528 3950 publicdni.
570 3883 607 3935 Ai
625 3881 704 3935 desiit
747 3883 853 3936 vitiose:
878 3881 993 3947 largitio
1009 3882 1202 3948 offerebatur.
1242 3886 1279 3938 ln

168 3951 255 4005 oratio
281 3948 390 4020 obliqua
412 3969 475 4014 corn
493 3951 575 4005 verbo
590 3950 704 4017 suscipi.
745 3952 865 4004 Ιιίόενηα
902 3950 1067 4018 cuiusquam
1107 3971 1165 4005 non
1203 3954 1278 4026 odsq.

166 4019 311 4090 Sequentia
328 4037 343 4070 e
360 4030 432 4072 recta
453 4019 593 4091 scriptoris
611 4037 703 4072 narra·
746 4020 889 4073 Mercerus
912 4038 943 4072 er
962 4018 1072 4092 ingenio
1095 4020 1222 4081 correxit,
1250 4031 1279 4074 et

166 4087 241 4150 tione
259 4085 414 4159 accipienda
433 4099 498 4142 sunt
514 4089 568 4142 ita:
590 4088 704 4154 pnicu-
748 4087 819 4147 dein,
827 4087 945 4142 Picbena
966 4085 995 4142 iii
1013 4088 1075 4143 cod.
1086 4089 1148 4144 MS.
1169 4088 1279 4153 invenit,

9 4161 10 4188 t
60 4165 64 4176 ’
165 4158 229 4209 loro
247 4157 398 4219 severitas,
413 4156 566 4229 flagitiosa
585 4157 703 4225 lorgi’ti'o
746 4157 786 4212 uti
798 4176 873 4213 nuuc
884 4156 988 4212 edimus
1000 4156 1103 4215 locum.
