2792 4642
429 258 436 273 ,
493 172 869 253 ΡΒΑΕΡΑΤιο.»
1181 198 1256 251 χιι

93 394 100 406 ,
120 361 194 416 turn
221 337 388 412 historiae
403 298 628 427 ¹>iteribondae
641 333 784 405 initium
805 333 890 403 inde
909 318 1059 427 cepisse,
1074 322 1130 408 xnt
1148 350 1223 409 non

24 528 31 533 ,
119 471 209 540 opus
222 447 269 514 sit
279 440 440 529 longiore
453 434 559 518 huius
571 437 624 507 rei
638 435 866 528 expositione.
928 532 931 551 ι
1031 452 1060 504 ·.

223 598 256 693 ᾗ.
277 595 338 670 10.
372 585 490 665 Liber
511 586 554 659 de
575 582 793 660 Germania.
848 586 930 677 Quo
952 602 1109 683 tempore
1133 594 1226 669 liber
1244 599 1293 694 ᾖ,

119 705 163 770 (le
186 697 379 770 Germania
398 693 592 787 prodierit,
624 693 728 763 docet
750 691 848 760 locus
869 716 898 764 c.
917 689 978 766 37.
998 688 1225 768 Sexcentesi-

119 828 219 871 mum
241 809 273 870 et
296 791 620 898 quadragesimum
641 817 783 863 anuum
814 788 901 861 urbs
924 801 1050 863 nostru
1078 797 1225 891 agebat,

119 930 199 974 cum
227 891 385 1000 primum
408 890 642 970 Cimbrorum
665 890 798 965 auditu
821 901 908 964 suut
934 916 1042 966 arma
1062 891 1226 973 Caecilio

119 1000 275 1075 Metello
295 1025 339 1072 ur
353 995 508 1097 Papirio
521 990 690 1069 Carbone
712 1019 800 1068 coss.
850 986 921 1066 Eu
940 1018 1014 1094 quo
1032 996 1070 1068 si
1087 997 1145 1091 ud
1161 1001 1225 1075 al.

120 1116 245 1177 terum*
262 1098 493 1214 imperatoris
521 1094 690 1172 Traiani
714 1094 947 1170 consulatum
975 1112 1226 1198 computemus,

13 1206 15 1227 ³
121 1205 267 1279 ducenti
270 1204 394 1309 ferme
409 1212 441 1275 et
457 1197 571 1273 decem
588 1199 686 1273 unni
697 1197 935 1295 colliguntur.
977 1197 1123 1276 tamdiu
1131 1202 1226 1301 Ger-

120 1308 252 1381 munia
268 1304 433 1378 uincitur.
484 1304 575 1377 Nam
591 1305 622 1376 si
637 1305 855 1398 quaerimus,
878 1330 941 1376 cur
957 1300 1120 1395 Tacitus,
1145 1335 1227 1385 cum

25 1456 31 1457 f
119 1410 206 1483 haec
235 1413 417 1494 scriberet,
453 1407 493 1476 in
520 1408 583 1476 illa
611 1431 788 1476 annorum
812 1407 1075 1500 computatione
1102 1412 1149 1481 ad
1167 1413 1229 1483 al-

118 1530 237 1587 terum
250 1511 398 1583 Traiani
411 1510 631 1579 consulatum
647 1508 860 1593 substiterit,
881 1509 941 1579 vix
958 1508 1064 1579 aliam
1079 1511 1154 1584 eius
1174 1517 1228 1585 rei

50 1617 54 1647 ⁵
119 1619 294 1687 rationem
308 1611 528 1683 inveniemus
542 1635 647 1704 quam
665 1613 762 1703 quod
778 1610 928 1681 alterum
948 1626 1033 1682 tunc
1048 1610 1228 1688 Traianus

122 1719 352 1789 consulatum¹
372 1727 516 1803 gereret
578 1710 738 1782 Pertinet
759 1698 867 1802 igitur
889 1712 986 1784 illius
1010 1715 1097 1787 libri
1116 1719 1226 1807 editio

121 1824 167 1901 ad
182 1845 266 1893 ann.
280 1820 358 1890 urb.
375 1811 462 1901 851.
474 1815 531 1885 vel
544 1808 629 1886 852.
1123 1829 1131 1841 ’“

225 1971 258 2065 §.
276 1971 334 2043 11.
362 1964 616 2040 Historiarum
639 1963 738 2039 libri.
788 1960 985 2061 Compositi
1002 1958 1085 2041 sunt
1104 1975 1362 2079 cononem

122 2074 279 2144 Traiano
299 2074 501 2162 imperante.
552 2068 775 2142 Documento
793 2085 879 2157 sunt
902 2074 1009 2142 verba
1031 2070 1123 2149 Hist.
1148 2075 1229 2163 Li,

123 2171 271 2272 Quodsi
295 2172 370 2242 ritu
396 2164 614 2289 suppeditet,
653 2170 900 2271 principatum
929 2168 1009 2243 divi
1026 2169 1172 2248 Neru'ue
1195 2190 1228 2250 et

124 2275 315 2376 imperium
343 2270 525 2369 Traiane,
568 2272 765 2344 uberiorem
801 2271 1083 2375 securioremque
1112 2290 1227 2351 mate-

124 2379 241 2477 riam,
279 2377 452 2448 senectuti
482 2374 643 2471 seposui,
687 2400 777 2446 rara
810 2384 1008 2475 temporum
1032 2377 1227 2477 felicitate,

125 2480 191 2553 ubi
217 2477 348 2551 sentire
377 2500 470 2577 quae
500 2474 605 2558 velis,
645 2485 677 2546 et
703 2501 797 2575 quae
823 2479 964 2549 sentius
994 2476 1109 2555 dicere
1137 2482 1229 2556 licet.

123 2585 214 2656 Nam
245 2578 304 2652 hic
335 2577 517 2674 epitheton
551 2572 630 2646 diri
659 2580 704 2648 ad
734 2605 866 2650 nomen
896 2580 1032 2652 Nervae
1063 2585 1229 2676 positum,

123 2686 293 2758 omissum
318 2685 363 2754 ad
383 2681 531 2752 Traiani
559 2680 770 2751 vocabulum
794 2683 878 2751 satis
899 2684 1014 2772 arguit
1041 2679 1126 2755 haec
1156 2711 1229 2757 esse
1323 2748 1325 2755 s

124 2789 252 2878 scripta
282 2799 317 2856 ct
348 2784 442 2855 edita
474 2797 554 2875 post
578 2796 730 2852 mortem
754 2782 891 2876 Nervae
922 2780 1064 2856 stante
1089 2788 1229 2862 obitum

124 2885 285 2960 Traiani.
334 2884 573 2955 Historiarum
596 2909 702 2976 opere
725 2882 925 2975 complexus
942 2900 992 2958 est
1009 2912 1065 2958 res
1080 2887 1229 2978 Galbae,

124 2988 295 3074 Othonis,
313 2986 461 3071 Vitellii,
479 2986 696 3079 Vespasiani,
720 2985 797 3058 Titi
812 3000 846 3071 et
856 2984 1052 3060 Domitiani
1068 2989 1128 3086 (cs.
1135 2992 1228 3071 Hist.

126 3093 155 3178 l,
168 3096 204 3165 2.
223 3097 402 3188 quattuor·
407 3087 588 3185 principes
601 3087 710 3188 ferro
729 3087 946 3188 interempti)
966 3100 1032 3183 per‘
1045 3109 1231 3187 quattuor.

124 3194 239 3264 decim
255 3193 384 3275 libros,
404 3204 445 3260 ut
458 3190 608 3273 videtur.
654 3187 709 3260 De
722 3194 1001 3284 quattuordecim
1017 3195 1119 3266 libris
1131 3200 1229 3289 testis

125 3310 175 3367 est
200 3292 440 3386 Hieronymus
464 3291 504 3360 in
527 3294 788 3363 commentariis
817 3294 861 3361 ad
884 3290 1092 3369 Zachariam
1114 3324 1142 3372 c.
1169 3294 1229 3376 14'.

64 3448 67 3453 „
123 3398 243 3489 Verba
259 3408 356 3464 sunt:
381 3390 483 3462 Haec
498 3392 623 3463 omniu
634 3390 844 3492 plenissime
856 3390 1055 3492 Iosephus,
1078 3400 1147 3498 elui
1158 3396 1229 3472 Iu·
1340 3426 1345 3433 ·

126 3495 273 3568 deiram
288 3488 644 3592 scripsitleistorium
660 3505 693 3564 et
714 3492 830 3567 multo
854 3495 1018 3583 muium,
1041 3525 1152 3598 quum
1175 3501 1228 3573 l·

122 3601 247 3697 gimus
263 3597 303 3666 in
316 3588 522 3695 prophetis,
539 3618 597 3666 eos
611 3597 828 3672 sustinuisse
843 3613 1109 3673 commemorat:
1133 3594 1228 3678 Cor·

66 3782 70 3787 ,
117 3700 410 3807 ‘nuliusxquoque
425 3695 599 3781 Tacitus,
624 3698 691 3797 qui
707 3709 790 3800 post
811 3696 1019 3795 Augustum
1043 3704 1232 3804 usquead

123 3813 272 3875 mortem
287 3798 506 3870 Domitiani
521 3799 615 3869 ritas
628 3794 830 3873 Corsorum
853 3802 1010 3898 triginta
1033 3806 1230 3877 volumini-

122 3907 192 3978 bus
215 3901 395 3995 euarnrit.
458 3901 697 3997 Hieronymus
721 3906 816 3993 enim
841 3906 954 3980 libros
971 3902 1168 3980 Annalium
1196 3927 1242 3988 et

121 4009 362 4082 Historiarum
374 4029 446 4075 una
461 4004 549 4074 serie
564 4006 773 4080 numeravit.
823 4006 899 4076 lam
907 4003 1101 4088 Annalium
1118 4036 1229 4105 quum
1253 4052 1256 4059 ,

121 4114 191 4185 sint
209 4094 380 4192 sedecini,
405 4107 490 4179 inde
507 4110 734 4203 consequitur
743 4106 983 4178 Historiarum
1001 4106 1108 4179 fuisse
1128 4125 1230 4208 quat-
1309 4112 1311 4125 '
