2792 4642
162 216 306 319 st}
435 225 585 302 LIB.l.
618 223 738 303 CAP.
755 224 900 312 asae.
1174 238 1226 312 88

108 399 187 469 rat,
213 378 471 472 generinvisue
484 381 623 451 inimici
635 383 763 451 soceri:
795 407 955 477 quaeque
966 390 1061 479 apud
1074 415 1223 464 eoncor-

108 489 172 556 des
189 485 334 554 vineula
352 484 525 569 mritatis,
555 483 784 553 incitamenta
803 484 938 556 irarum
954 492 1049 580 apud
1065 493 1223 569 infensos

107 603 220 659 erant.
842 639 863 652 ..

180 695 185 704 “
208 685 305 760 LVI.
333 685 447 777 Igitur
464 684 699 757 Germanicus
719 701 887 780 quattuor
906 690 1079 780 legiones,
1113 700 1220 791 qnin-

91 790 427 885 'que'auxiliarium
448 790 562 859 millia
583 804 618 859 et
638 791 886 862 tumultuarias
903 808 1057 865 catervas
1071 795 1223 872 Germa·
1239 745 1388 922 imp..

105 917 239 962 norum
260 892 308 960 eis
327 887 502 963 Rhenum
520 891 715 963 colentium
731 889 904 963 Caecinae
924 897 1048 967 tradit:
1074 901 1221 973 totidem

105 996 279 1084 legiones,
305 993 483 1084 duplicem
494 994 672 1063 sociorum
686 1017 877 1065 numerum
893 995 969 1087 ipse
984 998 1098 1070 ducit:
1122 1005 1276 1110 ιι(ιιί·,,;)1
1317 1067 1331 1100 ,

103 1112 215 1190 toque
238 1096 381 1165 castello
404 1119 510 1187 super
528 1097 676 1187 vestigia
697 1099 838 1188 paterni
861 1099 1029 1190 praesidii
1044 1102 1084 1171 in
1098 1121 1220 1178 monte
1242 1157 1250 1168 -
1336 1081 1375 1108 ἰ’

105 1198 259 1288 Tauno,
286 1198 489 1288 expeditum
506 1200 698 1269 exereitum
717 1200 756 1268 in
769 1197 890 1271 Cattos
909 1201 1018 1292 rapit,
1041 1201 1084 1279 L.
1100 1179 1374 1317 Apro-stif‘styg

103 1295 168 1370 irio
184 1302 230 1369 ad
244 1300 463 1369 munitiones
478 1302 617 1398 riarum
630 1316 665 1371 et
678 1301 869 1371 fluminum
883 1304 1017 1377 relicto.
1041 1305 1220 1402 nam·(ra-
1255 1379 1265 1420 ,
1300 1381 1309 1410 Ι
1333 1307 1341 1323 ’

71 1467 76 1478 ,
102 1423 187 1472 mm
207 1402 262 1471 ιιιι
284 1398 983 1497 00e10)fflrewmn2m
1002 1407 1260 1493 normam
1274 1373 1320 1470 ί..

103 1506 172 1574 iter
185 1518 451 1595 properaverat,
476 1505 676 1599 imbresque
692 1520 727 1576 et
744 1506 934 1577 fluminum
954 1523 1077 1579 auctus
1099 1533 1217 1604 regre-
1237 1503 1264 1546 ¹³
1335 1539 1338 1548 ·
1389 1583 1390 1608 ,

102 1607 218 1676 dienti
231 1607 465 1678 metuebatur.
516 1606 588 1678 Sed
604 1606 718 1678 Cattis
733 1609 822 1677 adeo
839 1609 1049 1701 improvisus
1062 1613 1217 1704 advenit,
1293 1663 1297 1674 .

91 1804 96 1814 ‘
135 1821 224 1872 gener
260 1803 369 1858 ιἰιυίεω
401 1805 512 1858 r’oimier'
537 1808 637 1859 soceri.
682 1804 752 1858 viter
762 1814 858 1858 auctor
869 1806 1006 1877 erprimit,
1023 1807 1146 1867 insolitos
1164 1811 1217 1869 illis

5 1904 18 1924 .
100 1874 141 1928 lta
163 1872 291 1941 coniungi
312 1874 378 1927 haec
398 1875 478 1927 verba
504 1873 639 1957 plerisque
681 1871 800 1940 invicem
820 1872 902 1928 luisse
919 1875 1033 1929 animos.
1068 1880 1152 1935 Amat
1165 1879 1217 1937 Te·

99 1944 223 2026 ineptum
236 1940 326 1996 uuum
341 1953 396 2003 est,
415 1942 479 2013 quia
492 1961 540 2025 per
553 1964 582 1997 se
597 1964 637 1997 m·
680 1942 750 1995 citus
772 1940 827 1993 lroc
848 1942 955 1996 dicendi
975 1963 1067 2013 genus.
1097 1950 1133 2002 ef.
1154 1950 1210 2003 inse

99 2011 252 2083 telligatur,
277 2029 376 2080 genero
390 2012 480 2067 inviso
494 2012 634 2067 mimicum
675 2011 704 2071 2,
720 2010 764 2063 45.
778 2011 890 2079 'fratris
896 2011 962 2079 filla
978 2016 1073 2066 moeni
1084 2027 1218 2082 patruus.

99 2100 158 2134 esse
173 2098 307 2133 socerum.
337 2079 430 2152 Quare
443 2082 498 2133 duo
511 2082 633 2134 membra
675 2097 765 2132 senex
774 2095 880 2145 paren
891 2082 1110 2148 dedignabatur.
1134 2085 1159 2149 3,
1173 2087 1218 2140 16.

99 2159 235 2201 statuunt:
271 2165 360 2213 gener
384 2151 502 2215 ιἰιυίιιιι,
530 2151 641 2203 mimici
679 2149 793 2208 utinam
826 2165 876 2214 ego
904 2152 1001 2211 poetas·
1015 2153 1084 2220 filio
1110 2154 1215 2212 e'uoem‘,

59 2272 62 2278 ,
98 2219 192 2271 soceri
199 2254 207 2276 ,
230 2225 264 2269 ut
272 2217 305 2268 sit
319 2236 402 2287 gener
416 2236 512 2270 socero
526 2217 635 2272 invisus.
678 2236 764 2285 quem
775 2219 823 2269 tile
835 2219 919 2282 patri
932 2221 999 2271 seni
1012 2222 1145 2275 cessisset.
1174 2224 1214 2277 es.

97 2285 151 2358 ipsi
180 2285 265 2338 soceri
290 2283 423 2354 (Segestes
445 2296 471 2339 et
488 2283 516 2339 Si
537 2286 635 2340 'merus
676 2283 909 2349 not.'ad18,.‘!1.
951 2286 1077 2342 Ceterum
1097 2289 1215 2345 Pielrene

98 2354 136 2410 ef.
159 2353 214 2407 Dio
234 2353 275 2417 56,
296 2356 340 2422 19)
360 2354 474 2408 inimici.
539 2355 634 2426 ginueri
677 2353 806 2408 coniecit:
833 2372 923 2422 gener
940 2359 1057 2420 molnes,
1080 2360 1214 2414 ιἰιὺιιιίικ

97 2434 192 2478 tamen
212 2422 258 2477 lrie
276 2441 334 2476 non
352 2433 415 2477 suat
433 2433 534 2494 partes.
582 2424 635 2477 Per
674 2440 765 2475 soeer.
802 2422 935 2477 Gruterus
946 2443 1051 2478 ιιιιιιιιιι
1062 2431 1154 2482 soceri
1163 2445 1214 2501 pre

97 2502 189 2546 toturn
209 2491 300 2546 looum
321 2493 355 2547 de
374 2491 502 2546 Arminio
527 2503 633 2546 tantum
674 2491 772 2560 plurali
792 2492 902 2563 accipit,
934 2505 964 2547 ut
985 2494 1152 2567 intelligatur
1169 2508 1213 2550 ta·

6 2575 8 2580 ’
98 2572 127 2614 et
141 2560 175 2614 Se
194 2569 248 2613 este
264 2571 425 2626 estsermo;
448 2561 476 2614 in
490 2559 541 2614 laos
556 2561 636 2615 dissi·
677 2578 742 2611 men
754 2578 825 2612 unus
839 2570 942 2613 tantum
956 2581 1044 2617 socer.
1080 2565 1159 2618 Alius
1170 2565 1214 2619 vir

6 2639 7 2644 ’
97 2630 162 2683 dere
177 2580 283 2682 instem
304 2628 484 2684 Germrnicus
502 2632 634 2699 sperabat.
677 2627 790 2681 doctuss
807 2644 895 2694 gener
907 2631 1028 2690 museus,
1047 2631 1213 2686 immeo·

96 2698 200 2752 Fabula
221 2708 311 2751 autem
334 2698 367 2751 de
392 2698 510 2752 inimicis
534 2701 635 2754 soceris
676 2697 722 2748 αἵ.
749 2695 1075 2762 cfiBlbllollr·Cr.1827.
1116 2700 1196 2755 ,8Ὶᾶ

96 2767 165 2823 adeo
173 2767 261 2820 ieiuna
273 2778 353 2838 atque
363 2769 396 2822 ab
408 2766 463 2821 hoe
473 2767 535 2821 loco
548 2767 633 2823 aliene
711 2764 779 2818 Cer.
794 2766 837 2821 56.
860 2764 1066 2819 Germanorum
1080 2787 1118 2822 crs
1133 2770 1215 2824 Illae-

97 2846 151 2899 est,
173 2844 204 2888 ut
221 2836 311 2907 potius
331 2846 493 2905 nugatorum
513 2837 633 2907 garrulo·
674 2851 746 2886 errem
759 2836 915 2890 antennam.
954 2833 991 2887 cs.
1010 2835 1122 2891 Sueten.
1145 2837 1213 2894 oct.

96 2921 215 2976 rumque
229 2902 338 2957 circulis
353 2905 512 2968 conveniat.¹
541 2905 631 2962 Immo
675 2922 700 2957 c.
715 2904 759 2957 21.
788 2904 873 2956 Ubios
885 2912 913 2955 et
925 2904 1097 2971 Sygambros
1108 2911 1214 2962 deden·

96 2974 177 3027 verba
201 2972 260 3026 illas
292 2991 378 3039 gener
399 2976 503 3027 ιἰιυιὶιιιι
528 2975 635 3027 minisei
674 2982 759 3025 tesse
775 2972 947 3028 traduxisse
963 2972 1108 3043 Gothum,
1128 2986 1213 3047 etque

95 3043 201 3110 soceri,
227 3051 290 3094 sunt
305 3037 475 3113 ἐπιφώνημα
492 3043 630 3114 quoddam
672 3043 702 3092 ιἰι
717 3043 860 3108 proximis
876 3040 975 3095 Rheno
993 3047 1069 3111 agris
1093 3048 1212 3099 colloca·

96 3110 131 3164 ad
145 3111 267 3183 proxime
280 3113 478 3182 praecedentiae
502 3112 631 3178 Segestes
672 3110 722 3162 vt‘t.
757 3111 798 3162 ld.
812 3110 872 3169 Tib,
889 3129 913 3162 c.
928 3110 953 3162 9.
977 3110 1079 3166 Strabo
1098 3115 1124 3177 4,
1141 3114 1166 3179 8,
1183 3114 1210 3176 4.

96 3197 327 3249 quanquam..
356 3189 505 3247 rapuerat.
527 3241 531 3249 ⁸
556 3180 628 3234 Con·
673 3177 739 3231 Tac.
754 3178 903 3240 Ammo.
926 3177 982 3232 Dio
996 3180 1075 3245 55,6.
1170 3217 1173 3236 .

96 3250 149 3303 cisa
158 3248 287 3302 sententia
300 3250 373 3302 idem
383 3249 541 3319 exprimunt,
556 3249 629 3317 quod
707 3247 891 3300 metuebatur.
928 3247 974 3300 Sic
988 3249 1048 3302 cod.
1062 3249 1125 3304 MS.
1144 3251 1208 3308 edd.
1292 3253 1298 3272 ‘

96 3317 159 3371 dein
172 3317 256 3386 magis
271 3317 420 3371 illustratur
432 3317 534 3372 verbiss
547 3336 629 3387 quae·
671 3313 1077 3370 Beroald.eren.Ald.Ernest.
1087 3319 1208 3375 Brut.-

96 3405 146 3456 que
162 3390 443 3453 apudeoncordes...
459 3395 551 3439 erant.
577 3386 627 3438 So·
670 3384 740 3439 Edd.
761 3382 834 3454 Lips.
856 3403 915 3456 sqq.
935 3394 961 3436 et
982 3396 1043 3458 post
1065 3383 1207 3446 Wolfium

94 3457 151 3508 lent
171 3454 243 3507 enim
261 3456 352 3525 generi
371 3473 428 3507 esse
444 3455 511 3527 grati
526 3453 628 3509 dilecti·
670 3451 836 3508 recentiores
870 3471 966 3506 omnes
999 3460 1207 3514 metuebantur.

96 3543 147 3594 que
159 3523 275 3586 soceris,
296 3526 381 3578 soceri
395 3523 447 3576 illis
460 3522 550 3576 amici.
586 3521 627 3576 lbi
641 3573 642 3578 ,
670 3522 739 3575 Nam
747 3519 861 3574 Wolfio
874 3530 986 3576 testante
998 3521 1112 3579 flumina
1125 3526 1208 3584 latine

95 3602 184 3645 autern
202 3589 255 3643 luit
273 3612 354 3663 gener
366 3591 481 3655 invisus,
499 3590 627 3646 inimicus
669 3598 768 3644 auctus
797 3588 913 3653 habent,
948 3588 1051 3645 flumen
1081 3606 1205 3656 auctum.

94 3680 185 3722 socer,
207 3659 290 3729 igitur
301 3661 629 3728 generinvisusr'nz'micr'
670 3659 895 3712 Videtur'tamen
915 3677 959 3711 res
978 3661 1060 3730 paulo
1080 3662 1158 3717 aliter
1177 3683 1207 3719 se

93 3732 184 3782 soceri
189 3767 196 3792 ‚
223 3739 252 3781 ut
269 3728 304 3781 ita
325 3750 397 3799 quae
415 3734 493 3798 apud
509 3745 626 3781 concor·
668 3727 782 3781 habere:
818 3738 917 3781 auctus
940 3726 1091 3794 stammam
1123 3733 1205 3786 deno·

93 3802 141 3851 des
157 3799 270 3851 vincula
287 3800 427 3864 caritates,
449 3800 630 3852 tentamenta
671 3806 730 3849 tant
764 3794 875 3849 auctum
910 3795 1035 3868 deinceps
1068 3791 1205 3854 iteratum.

93 3870 203 3919 tearum
221 3871 297 3932 apud
314 3872 376 3920 ellos
395 3876 494 3924 essent.
537 3866 629 3938 lnepta
671 3864 709 3918 cf.
725 3864 796 3919 Plin.
810 3883 871 3937 epp.
884 3864 910 3930 4,
922 3863 965 3921 30.
985 3876 1030 3917 ter·
1046 3870 1131 3918 mdis
1142 3878 1206 3921 sta·

93 3935 161 3990 haud
175 3936 256 3989 dubie
268 3946 334 3990 esset
346 3935 496 4007 oppositio,
518 3934 541 3988 si
559 3936 627 4006 lege·
670 3937 707 3987 tis
723 3935 848 3986 matus
868 3943 918 3987 eto.
966 3933 1018 3988 tlic
1036 3945 1124 3992 autem
1147 3954 1205 3991 non

92 4015 179 4058 retur:
229 4022 296 4056 ener
320 4007 426 4057 invisus
448 4005 560 4057 mimico
577 4022 627 4058 so·
670 4003 848 4070 detractibus,
861 4002 907 4056 sed
919 4001 1205 4059 deauctufluminunr
1293 4043 1299 4066 ,

8 4079 9 4084 ’
93 4085 164 4128 tero.
209 4024 350 4140 iamvero
369 4075 398 4128 in
417 4073 527 4145 uulgato
551 4072 627 4126 nulla
670 4079 759 4125 sermo
780 4081 830 4124 est.
874 4070 1011 4123 Numerus
1037 4069 1114 4123 verbi
1138 4090 1206 4142 pro.

50 4209 55 4214 Ι
92 4142 167 4212 plane
191 4141 314 4214 super'est
337 4142 486 4224 oppositio;
521 4142 628 4194 invisus
668 4139 741 4193 rimo
760 4135 884 4222 subiectp
906 4138 1140 4192 adcommodatur.
1168 4142 1204 4195 cf.

92 4221 117 4270 et
127 4212 258 4266 mimicus
270 4220 332 4263 sunt
345 4211 474 4281 epulata,
490 4210 551 4281 quis
567 4211 625 4264 bre·
668 4217 726 4261 not.
741 4209 772 4261 ad
785 4228 811 4263 c.
822 4209 868 4261 10.
877 4206 928 4261 suh
941 4206 1026 4262 verbo
1041 4208 1206 4273 abstuleras.
1290 4209 1296 4226 “

708 4281 784 4352 Μ
