2792 4642
161 174 213 252 ss
556 131 868 274 sodomum
1081 161 1238 282 eece

163 331 225 403 riti
244 295 365 404 imore
385 326 546 423 wmvis
566 297 781 399 indimitum
801 323 960 395 animum
980 324 1019 396 in
1034 327 1171 398 honum
1187 351 1269 398 ver-
1329 396 1335 404 ,

162 429 287 506 tebat'

263 527 432 606 XXXIV.
466 526 538 602 Sed
559 526 811 614 Germanicus,
846 541 978 622 quomo
1004 543 1162 603 summae
1188 525 1268 624 'spei

132 636 329 734 jpropior‚
363 647 463 704 tanto
486 631 680 724 impensius
699 655 766 723 pro
780 630 927 700 Tiberio
949 631 1028 705 niti.
1086 632 1268 726 Sequanos

47 728 408 831 ouisuproximopmet
433 732 623 824 Belgarum
652 733 808 801 civitates
837 733 886 802 in,
907 735 1014 803 verba
1043 736 1117 805 eius
1147 735 1267 824 adigit.

162 829 303 912 Dehinc
318 837 439 907 audito
454 836 635 926 legionum
649 836 804 903 tumultu
818 833 947 923 raptim
962 831 1268 926 prosectusobvias

165 939 263 1012 eitra
286 953 396 1009 castra
420 933 563 1026 babuit,
593 935 737 1005 deiectis
750 935 790 1003 in
803 947 932 1004 terrum
945 937 1058 1006 oculis
1074 940 1170 1010 velut
1183 964 1269 1029 poe-

164 1041 324 1115 nitentia.
374 1015 566 1133 possisnam
579 1037 714 1106 vallum
725 1036 822 1120 iniit,
848 1035 982 1105 dissoni
996 1054 1138 1131 questus
1152 1035 1269 1110 audiri

165 1169 320 1238 coepere.
355 1155 388 1214 et
412 1142 556 1235 quidem
577 1161 706 1230 prensa
726 1162 835 1208 manu
856 1137 932 1206 eius
954 1162 1017 1230 per
1037 1142 1188 1233 speciem
1210 1166 1271 1209 ex.

164 1244 348 1322 osculandi
362 1245 586 1312 inseruerunt
599 1239 742 1329 digitos,
759 1253 917 1309 utvacun
931 1240 1095 1311 dentibus
1107 1267 1170 1318 ora
1184 1267 1271 1311 con-

165 1349 336 1439 tingeret:
367 1344 429 1413 ulii
444 1349 586 1412 curiata
605 1341 703 1440 senio
722 1343 889 1412 membra
901 1345 1140 1422 ostendebant.
1192 1299 1291 1413 ff

162 1443 345 1521 'sistentem
366 1444 591 1528 concionem,
626 1439 709 1538 cjcria
729 1444 901 1535 permixto
921 1445 1125 1530 videbatur,
1159 1446 1271 1516 disce·

159 1556 250 1622 'dere
263 1550 302 1616 in
314 1541 517 1638 manipulos
530 1546 639 1622 iubet.
659 1546 707 1615 sic
721 1546 846 1615 melius
858 1546 1041 1618 uttdituros
1052 1541 1271 1640 responsum
1281 1565 1312 1598 ²⁴
1344 1597 1353 1621 ·.
1393 1602 1394 1616 ,

167 1651 295 1722 vexilla
310 1647 489 1740 praeferri,
508 1661 550 1717 ut
561 1646 599 1716 id
612 1648 735 1717 saltem
749 1648 962 1719 discerneret
975 1644 1146 1721 cohortes.
1171 1650 1271 1720 tarde
1393 1649 1394 1672 ¹

151 1755 463 1843 obtemperavero.
515 1748 620 1820 Tunc
636 1773 657 1819 a
674 1750 901 1820 veneratione
918 1745 1070 1841 Augusti
1090 1763 1190 1821 orsus·
1206 1752 1273 1819 fle·

22 761 42 865 l

167 1953 250 2008 ditur.
291 1948 402 2007 castitas
422 1959 510 2022 potest
528 1967 585 2004 esse
601 1959 626 2004 et
645 1946 702 2002 sine
744 1948 819 2009 beat,
837 1946 910 2001 addit
923 1948 1054 2002 rationem
1068 1967 1182 2021 eamque
1196 1951 1273 2002 iner-

166 2020 255 2078 mariti
269 2040 370 2076 amore.
398 2063 401 2069 ,
743 2026 813 2079 tem,
830 2016 868 2068 sic
882 2020 979 2069 metrias
992 2019 1275 2085 auditurosrespoo·

175 2113 178 2118 ⁴
205 2092 235 2143 iu
254 2093 360 2143 Mirum
376 2088 512 2159 uertebat.
547 2083 588 2148 Ne
604 2084 701 2138 intelli·
742 2092 823 2137 s.'m.·
841 2086 929 2157 aptius
942 2085 1062 2150 dixisset,
1075 2089 1114 2143 sic
1127 2088 1222 2141 decere
1236 2087 1274 2140 le·

248 2159 322 2242 quasi
337 2157 444 2211 castitas
457 2164 492 2228 ⁸et
516 2152 605 2207 mariti
623 2169 702 2206 amor
741 2152 835 2223 gioncs
856 2172 950 2207 coram
975 2154 1136 2226 imperatore
1159 2157 1273 2225 concio·

168 2180 305 2284 dbtdrntsse
333 2223 496 2278 indomitum
527 2221 647 2276 animum
675 2230 701 2273 et
743 2232 839 2285 nante;
856 2222 970 2292 deniqne
985 2225 1059 2293 quod
1075 2244 1136 2278 mox
1150 2226 1273 2296 sequitur

168 2297 261 2351 mitem
270 2293 416 2347 reddidisse
426 2291 543 2353 dicatum
556 2289 601 2343 sed
614 2287 698 2350 animi
741 2290 813 2344 alind
828 2291 930 2346 iussum
943 2291 1032 2362 priora
1047 2305 1208 2354 retractans,
1227 2313 1272 2347 ne·

168 2365 296 2419 ferociam
309 2357 580 2415 abstinuisseamalis
599 2358 699 2411 facino·
741 2359 817 2411 :cillo
827 2360 984 2429 praeferri,
1011 2370 1044 2413 ut
1059 2364 1202 2415 idsoltcm
1213 2367 1275 2418 dre·
1323 2403 1326 2412 r

167 2433 244 2487 ribus
258 2442 337 2504 atque
350 2428 471 2500 flagitiis,
493 2429 576 2508 inque
595 2437 700 2482 rectum
742 2438 867 2481 cerneret
883 2432 1017 2483 moortes.
1054 2430 1138 2500 Igitur
1150 2433 1203 2485 iarn
1216 2452 1274 2487 uon

66 2527 69 2540 ·
169 2512 197 2556 at
215 2499 356 2554 honestum
376 2497 600 2569 potiusvertuse,
620 2497 701 2550 utita
742 2498 818 2557 vult.
850 2499 928 2551 utin
948 2499 1102 2569 manipulos
1121 2500 1275 2567 discedunt3

169 2575 265 2628 contra
283 2565 428 2639 flagitiosos
442 2574 469 2618 et
483 2564 519 2618 ini
541 2583 590 2617 uos
604 2566 701 2632 iucen·
743 2577 885 2620 contentus
904 2576 958 2630 est,
982 2578 1013 2620 ut
1032 2569 1157 2622 cobortes
1177 2570 1272 2623 saltem

169 2639 287 2693 deretur.
339 2636 465 2692 Ceterum
529 2672 536 2686 .
572 2644 631 2687 not.
666 2634 701 2687 ad
743 2634 950 2689 discernantur?
1003 2636 1048 2700 nid
1074 2648 1129 2690 tarn
1156 2640 1272 2695 subitam

163 2727 196 2763 ¹c.
214 2706 258 2760 76.
466 2725 469 2732 ·
742 2702 780 2755 rei
795 2704 971 2756 mutetionem
984 2655 1068 2760 lecit?
1090 2705 1198 2759 Scilicet
1211 2727 1273 2779 per·

205 2773 326 2829 Clr084.
342 2790 456 2840 mensa.
491 2770 561 2825 Edd.
574 2769 699 2824 Beroald.
743 2791 836 2843 peram
859 2772 996 2846 hucusque
1018 2774 1108 2827 locum
1135 2794 1272 2846 accepere.

168 2844 276 2902 libens
316 2844 486 2909 ,prehenso
522 2840 568 2895 Sic
582 2850 608 2894 et
622 2839 700 2894 uso.
743 2838 789 2894 Sic
824 2842 926 2894 metius
958 2845 1122 2909 audituros,
1158 2863 1274 2915 respon·

161 2912 240 2967 ttdd.
253 2911 286 2965 Pi
322 2927 535 2982 ‚sqq.prenso,
561 2909 700 2972 anecod.
743 2928 802 2961 sum
820 2908 1027 2962 estamilitibus
1041 2916 1225 2967 contumaciae
1246 2925 1275 2969 et

167 2980 247 3041 MS..
264 2989 362 3034 tacent.
741 2975 857 3032 ferociae
870 2978 1054 3033 retinentibus.
1078 2982 1117 3033 sic
1131 2981 1157 3034 h.
1174 3003 1198 3035 e.
1211 3002 1277 3052 per-

203 3047 393 3102 exosculoodi.
435 3046 482 3102 Sic
508 3044 571 3100 cod.
587 3044 655 3098 MS.
677 3054 704 3099 et
744 3048 855 3110 mixtos,
891 3049 930 3101 uti
958 3059 1042 3101 erant.
1097 3048 1275 3104 Germanicus

170 3118 231 3174 ‘edd-
248 3116 310 3170 Ber.
326 3125 352 3168 et
367 3114 488 3170 Rhenau.
503 3134 563 3186 sqq.
588 3114 703 3169 etlliu.
745 3117 930 3170 contumaciae
950 3116 1089 3186 paululum
1109 3121 1205 3175 cedens
1227 3120 1276 3172 iu·
1341 3171 1345 3176 ,
1392 3167 1393 3178 ,

161 3191 201 3248 ”1,’
210 3185 254 3240 45.
274 3187 435 3238 exosculari
441 3185 560 3237 Othonis
574 3201 703 3235 manum.
745 3186 803 3239 hus
829 3188 935 3238 vexata
947 3188 1106 3256 praeferri,
1131 3191 1275 3254 utidsol-
1392 3187 1393 3194 ’

84 3273 103 3282 ”
170 3254 324 3319 thium.
361 3253 465 3327 Lipsius
477 3254 611 3307 invexerat
625 3269 703 3304 oscu·
746 3263 805 3305 tem
832 3255 1003 3307 discerneret
1032 3260 1167 3311 cobortes.
1216 3257 1273 3311 lam

171 3327 262 3379 tandi.
304 3322 428 3376 Veterem
452 3323 614 3394 scripturam
639 3340 704 3373 sna·
746 3324 948 3393 obtemperant,
966 3343 1061 3378 verum
1075 3326 1158 3378 tarde.
1194 3326 1274 3382 Simi-

165 3393 252 3448 'deute
266 3389 437 3445 l.Gronevio
452 3389 704 3444 reduxitssroterius
745 3391 806 3444 liter
827 3410 906 3463 supra
926 3413 951 3447 c.
966 3392 1009 3445 26.
1033 3395 1211 3458 Responsum
1232 3406 1277 3448 est

162 3467 305 3534 'et'postea
319 3458 456 3513 Wolfius.
746 3478 767 3511 a
793 3466 928 3514 concione.
977 3460 1019 3532 De
1042 3461 1142 3517 vexillis
1163 3463 1220 3515 vid.
1241 3466 1275 3518 ad

182 3541 185 3548 ’
202 3533 242 3584 sic
253 3523 353 3582 matut
363 3530 514 3586 audituros
526 3544 703 3596 responsum.
746 3548 771 3582 c.
788 3531 838 3582 itt·

173 3597 656 3669 Vulgohaecverbaitaaccipiuntor,
674 3606 716 3648 ut·
780 3619 799 3650 a
826 3600 1003 3654 vmerots'ooe
1030 3599 1153 3663 Augusti
1181 3617 1275 3654 orsus·

173 3665 370 3725 aliermanico
391 3664 461 3719 dicta
479 3683 534 3718 esse
553 3665 704 3719 videantur.
746 3666 874 3721 Aurelius
893 3677 1030 3736 acceperat
1044 3666 1078 3718 de
1094 3671 1277 3744 veneratione,

174 3739 354 3804 Responsum
373 3733 540 3803 intelligunt,
565 3734 638 3806 quod
660 3733 705 3788 ille
747 3755 799 3807 qua
812 3735 954 3806 imaginem
964 3734 1093 3803 Augusti,
1110 3748 1140 3789 nt
1154 3739 1276 3802 coelestis

164 3808 288 3862 -daturus
313 3811 368 3855 erat
393 3802 550 3873 legionibus.
596 3800 634 3855 At
654 3801 704 3855 tria
747 3803 882 3864 numinis,
907 3803 1084 3859 Germanicus
1101 3804 1227 3860 adoratus
1243 3809 1278 3862 sit

176 3885 256 3933 sunt,
292 3890 340 3925 uae
356 3888 400 3923 me
414 3869 568 3924 offendunts
585 3870 706 3941 primum
748 3874 781 3926 'ab
795 3873 870 3926 initio
882 3873 1018 3926 orationis.
1053 3874 1106 3927 Sed
1120 3877 1142 3928 si
1156 3876 1278 3930 talisfuit

178 3944 252 4017 quod
268 3891 445 3995 demanium
457 3955 621 4006 responsum
642 3939 709 3992 dicit
748 3942 898 4004 veneratio,
916 3960 972 3995 non
986 3961 1054 4014 opus
1068 3954 1139 4008 erat,
1154 3944 1276 3998 ut‘l'aci·

176 4011 354 4069 concionem,
381 4026 462 4079 quam
480 4007 709 4071 eratbabitnrus3
749 4016 791 4062 tus
809 4010 957 4064 Annalibus
974 4029 1031 4064 earn
1051 4012 1170 4067 inferret.
1205 4011 1279 4065 Cor·

177 4079 240 4133 dein
252 4077 327 4151 quod
339 4076 452 4132 omnino
463 4075 521 4138 ille,
539 4095 588 4130 cur
599 4075 708 4131 concio·
748 4079 813 4133 rexit
833 4079 916 4148 igitur
937 4079 959 4133 Ι.
976 4079 1022 4135 Fr.
1040 4080 1196 4136 Gronovius
1214 4080 1279 4134 Au·

179 4151 243 4204 uim
275 4145 411 4201 discedere
437 4145 466 4201 in
493 4143 644 4217 manipulos
667 4145 709 4199 iu·
748 4147 814 4201 celii
829 4148 1002 4222 opinionem,
1025 4150 1151 4225 exemplis
1168 4151 1279 4213 docens.
