2792 4642
157 226 208 298 sa
482 321 485 327 ψ
552 217 861 294 nnunmuu
1044 183 1215 311 <gestet

159 374 276 469 virgis
297 389 332 450 et
347 400 486 476 secures
504 391 538 448 et
557 387 675 466 togam
693 376 862 451 viderint.
892 375 971 446 aliis
985 373 1148 467 gentihus
1163 376 1274 466 igno·

160 467 284 552 rantin'
299 482 440 574 imperii
456 479 616 552 Romani
635 480 815 571 inexperta
835 501 908 548 esse
927 478 1119 586 supplicia,
1150 477 1274 547 nescia

159 584 308 653 tributa:
345 608 435 676 quae
461 582 603 675 quando
634 582 810 668 exuerint,
847 581 1045 673 inritusque
1072 579 1274 649 discesserit

161 685 222 753 ille
243 685 335 756 inter
353 685 501 754 numina
521 684 655 754 dicatus
674 679 872 773 Augustus,
904 684 965 752 ille
985 682 1137 751 delectus
1158 680 1273 751 Tibe-
1329 722 1332 725 <

160 787 255 871 rius,
279 812 324 856 ne
336 785 539 878 imperitmn
551 787 871 869 adulescentulum,
892 808 938 853 ne
951 783 1156 853 seditiosum
1170 807 1275 852 exer-

162 890 273 959 citum
291 902 524 981 pavescerent.
566 888 605 956 si
616 887 785 979 patriam,
810 900 988 977 parentes,
1013 886 1159 979 antiqua
1178 884 1274 953 mal-

161 992 237 1062 lent
250 1014 356 1083 quam
369 990 532 1060 dominos
544 1001 579 1058 et
592 989 749 1058 colonias
764 1010 891 1072 novas,
915 985 1121 1056 Arminium
1139 985 1285 1078 potius„

161 1092 293 1182 gloriae
308 1117 347 1176 ac
360 1091 550 1175 libertatis,
573 1114 681 1183 quam
694 1089 889 1180 Segestem,
912 1087 1107 1178 flagitiosae
1120 1089 1274 1159 servitu-

161 1194 364 1290 tisducem,
388 1204 626 1287 sequerentur.
1024 1188 1027 1197 '

162 1476 225 1514 rem
241 1459 337 1529 quietis
354 1457 529 1511 emmoniae
542 1455 718 1525 respondite
736 1454 833 1539 Lipsii,
842 1435 1002 1537 ⁴quanquam
1017 1454 1149 1528 vulgatam
1163 1459 1275 1525 germa-

162 1527 266 1582 Similia
287 1537 349 1579 sunt
368 1527 479 1579 Sueten.
502 1524 568 1579 Oct.
588 1544 613 1578 c.
633 1528 695 1579 101.
737 1545 799 1580 nice
811 1544 960 1598 exprimere
973 1524 1073 1579 studuit
1086 1523 1239 1578 infeliciter.
1286 1547 1298 1580 η
1382 1541 1385 1548 ·

163 1597 222 1651 cal.
238 1596 320 1650 eat.
338 1594 402 1648 Ner.
418 1615 442 1650 c.
457 1594 501 1660 41.
519 1592 615 1648 Claud.
630 1593 695 1652 nS.
773 1595 937 1662 ignorantia
958 1595 1072 1663 imperii
1088 1594 1173 1647 Rem.
1215 1593 1276 1647 De·

162 1664 220 1719 Liv.
234 1664 277 1724 26,
288 1665 332 1722 22.
355 1663 398 1729 23,
416 1665 442 1719 8.
483 1664 515 1717 ld
534 1661 608 1716 enim
628 1661 693 1716 dicii
740 1664 868 1721 scribitur
880 1662 994 1718 felicitas
1009 1681 1102 1716 earum
1121 1663 1276 1723 nationum,

162 1744 208 1787 tur
220 1731 354 1797 excusari,
372 1733 400 1786 in
413 1752 469 1806 quo
481 1752 560 1788 causa
572 1739 612 1784 est
641 1730 698 1794 uod
741 1753 810 1809 quae
827 1743 945 1804 expertes
964 1730 1070 1803 imperii
1090 1729 1208 1783 Romani
1228 1732 1276 1784 de·

134 1853 138 1861 .
163 1812 232 1867 etc,
254 1802 280 1856 h.
300 1822 324 1856 e.
343 1801 516 1874 praetendere
535 1751 640 1872 aliquid
656 1820 698 1854 ex·
739 1814 819 1876 gant,
855 1810 886 1853 ut
911 1799 1040 1866 Germani
1065 1800 1213 1853 excitentur
1237 1799 1277 1854 ad

165 1872 276 1927 cusandi
299 1872 405 1936 studio,
439 1869 558 1934 causari,
592 1869 697 1923 adferre
740 1872 852 1926 eandem
872 1868 1026 1922 felicitatem
1044 1868 1211 1940 cupiendam.
1235 1866 1275 1921 cf.

164 1951 344 2014 praetextum,
367 1951 398 1993 ut
421 1939 696 2011 aliquidexcusatum
738 1940 849 1995 Sueton.
864 1935 944 1990 Gatb.
960 1956 984 1990 c.
999 1937 1043 1989 20.
1062 1953 1115 2003 per
1133 1939 1277 2004 ignorun-

164 2010 212 2072 sit,
233 1999 458 2080 προφασίζεσθαί
474 2027 509 2062 τι.
548 2006 597 2060 Est
614 2006 697 2089 igitur
738 2006 1120 2076 ts'analueorumretardanti.>
1146 2005 1189 2058 nd
1203 2016 1276 2059 stru·

163 2079 283 2132 Arminii
296 2079 427 2132 sententia
439 2077 518 2131 haece
542 2075 697 2128 Hominem
740 2087 845 2131 etnram
857 2073 923 2127 infr.
944 2094 968 2126 c.
980 2074 1023 2128 69.
1039 2076 1178 2152 'Seianum
1192 2077 1287 2143 peri-¹
1311 2127 1322 2149 ,

110 2144 115 2154 ’
162 2147 286 2219 intelligit
303 2147 439 2217 Segestem
459 2157 485 2199 et
503 2164 551 2215 per
570 2151 698 2197 coutem-
739 2147 780 2197 tio
792 2161 907 2195 morum
918 2141 1026 2196 Tiberii
1035 2145 1102 2196 odia
1115 2145 1149 2196 in
1157 2147 1278 2213 tungrim

164 2225 225 2272 tum
250 2218 328 2288 ponit
350 2216 494 2267 hominem
519 2213 545 2267 h.
566 2231 589 2264 e.
610 2219 697 2263 ununi
740 2214 852 2266 iaciens.
1121 2251 1124 2254 -

164 2284 246 2338 istum
259 2285 398 2338 hominem
412 2282 458 2350 (cf.
475 2281 567 2345 1618.
585 2277 643 2333 Cic.
654 2298 696 2350 pr.
773 2281 868 2335 nescia
889 2280 1006 2334 tributa.
1037 2279 1073 2336 cf.
1094 2282 1135 2346 16,
1156 2283 1198 2336 14.
1221 2279 1276 2336 ne-

165 2354 248 2406 Arch.
275 2372 292 2405 c
326 2354 368 2405 10.
395 2352 521 2405 lindiam
543 2349 698 2417 hominem)
741 2351 1067 2419 querresciumhabebat.
1096 2350 1276 2420 'Sicignarus

167 2431 193 2475 et
205 2422 258 2474 iam
272 2420 351 2483 dicia
364 2420 499 2490 Segestem
513 2419 623 2488 eiusque
635 2436 698 2489 pro·
740 2439 792 2492 pro
814 2421 969 2488 ignotusss,
989 2418 1030 2473 1³.
1055 2419 1079 2481 8,
1092 2420 1136 2473 69.
1157 2432 1183 2473 et
1198 2422 1279 2489 alibi3

166 2488 297 2543 ditionem
320 2508 460 2561 nunquam
487 2487 549 2541 satis
573 2487 701 2539 idoneam
741 2506 867 2557 gnarum
885 2508 936 2559 pro
953 2499 1056 2558 notum
1070 2491 1093 2553 1,
1108 2490 1134 2542 6.
1143 2490 1190 2558 63.
1209 2490 1235 2555 3,
1247 2490 1277 2545 6.

165 2557 229 2613 fore
248 2577 372 2621 causam,
397 2578 449 2629 qua
469 2576 525 2611 sese
544 2563 701 2609 excusarent
743 2570 769 2611 et
782 2556 856 2621 alibi.

166 2627 369 2710 ignominiaque
394 2635 539 2699 purgarent
559 2622 699 2690 Germani,
755 2626 918 2679 ‘exuerint
954 2623 998 2680 Se.
1011 2625 1120 2680 adflicto
1129 2628 1193 2682 Vari
1206 2648 1277 2683 exere

167 2699 289 2769 quod...
306 2696 439 2766 uiderint3
465 2696 546 2749 istum
568 2711 626 2746 non
651 2694 702 2745 de·
743 2695 809 2750 citu.
937 2697 938 2700 ’
1089 2703 1092 2712 ’
1115 2697 1118 2707 ’
1142 2704 1148 2716 ·

167 2768 231 2820 bere
252 2766 363 2819 amissae
380 2764 507 2820 libertatis
527 2781 633 2818 causam
651 2761 702 2813 exi·
777 2762 935 2831 inritusque
964 2762 1133 2820 decesserit.
1186 2767 1230 2821 Sc.
1262 2787 1279 2822 ρ

167 2843 247 2888 stete.
285 2835 363 2903 Quae
378 2833 485 2889 dicendi
499 2833 568 2885 ratio
582 2831 604 2885 si
621 2830 702 2883 etiam
744 2831 815 2884 bello
836 2841 932 2884 contra
952 2829 1111 2887 Germanos.
1156 2836 1199 2891 De
1217 2838 1278 2891 Au·

168 2921 245 2956 nune
269 2905 430 2974 quibusdam
457 2922 513 2956 non
536 2898 703 2971 intelligitur,
745 2910 826 2968 gusto
838 2899 867 2950 in
875 2898 1033 2953 Germanias
1045 2904 1143 2956 totiens
1154 2907 1278 3026 profectu

86 3006 88 3010 ν
169 2971 363 3025 documentum
377 2982 428 3036 est,
441 2970 567 3025 Tacitum
580 2967 704 3021 nondum
746 2969 801 3023 vid.
821 2987 846 3022 c.
860 2968 905 3022 46.
939 2969 982 3022 De
995 2968 1107 3025 Tiberio
1123 2974 1156 3025 de
1167 2986 1226 3029 ectu
1244 2975 1279 3029 ad
1340 3019 1343 3026 .

145 3037 298 3093 'omuibus
318 3042 392 3092 nosdi
413 3040 528 3110 penitus.
571 3038 641 3091 Sunt
658 3055 704 3088 au·
745 3036 846 3091 bellum
872 3056 935 3090 cunr
959 3036 1102 3094 Germanic
1129 3044 1279 3112 gerendum
1358 3070 1365 3082 ν

170 3118 232 3170 tem,
246 3108 293 3179 qui
305 3108 387 3161 hodie
397 3108 476 3161 etiam
489 3106 522 3159 de
535 3104 704 3159 immutanda
737 3107 820 3159 Suet.
833 3105 896 3160 Tib.
910 3127 935 3159 c.
945 3108 986 3161 18.
1007 3108 1074 3162 Vell.
1088 3111 1112 3172 2,
1129 3112 1187 3163 120.
1224 3114 1279 3166 Alii

171 3176 224 3231 loci
237 3177 369 3248 scriptura
384 3177 511 3259 cogitent.
545 3175 614 3228 Nam
628 3191 704 3245 prae·
745 3177 866 3227 delectus
876 3195 1014 3248 perperam
1029 3178 1163 3249 accipiunt
1184 3181 1281 3233 de'ri-

171 3255 244 3300 terea
271 3247 345 3317 quod
362 3243 619 3316 Lipsiusconiecit:
652 3259 704 3293 ne·
746 3242 822 3297 berio
853 3244 1015 3315 rincipatunr
1028 3257 1115 3300 nacto.
1148 3248 1200 3300 Sed
1214 3249 1280 3318 quid

105 3329 116 3380 ‚¹
172 3323 330 3377 eucnemon
375 3313 527 3368 Acidalius':
564 3315 706 3364 enimvero
746 3311 800 3365 hoc
812 3262 852 3364 ad
857 3311 931 3366 illam
944 3314 1021 3366 rem?
1055 3313 1143 3366 Immo
1159 3320 1281 3372 delectus

174 3384 328 3437 Germanis
339 3382 570 3451 nunquamsatis
584 3397 707 3433 excuso·
749 3391 789 3434 est
803 3380 873 3433 inter
893 3400 987 3435 omnes
1007 3382 1088 3436 duces
1106 3402 1157 3453 pro
1176 3388 1281 3455 praeci·

162 3461 287 3519 ⁴turum,
313 3455 388 3520 quod
402 3461 470 3514 etc.,·
494 3448 707 3507 Freinshemius:
768 3468 805 3502 uo
817 3450 922 3503 habitus
941 3450 1055 3521 ideoque
1073 3470 1136 3521 prae
1155 3453 1213 3507 aliis
1231 3456 1282 3511 de·
1379 3473 1383 3480 “

172 3523 314 3575 hominem
334 3520 486 3573 Germanis
510 3536 655 3587 nunquam
681 3534 708 3570 s.
748 3469 860 3583 lictusa
879 3520 1024 3593 opponitur
1048 3521 1180 3586 imperito
1204 3530 1282 3577 adu.

173 3598 391 3650 excusaturum,
408 3592 536 3658 quodetc
551 3608 560 3651 ς
577 3585 706 3639 Grotius:
749 3591 910 3642 lescenlulo.
965 3588 1037 3642 llinc
1077 3593 1178 3643 delecti
1219 3606 1313 3649 santi

110 3697 128 3732 g·
173 3660 301 3714 homines
320 3659 526 3712 Germanos...
555 3663 709 3708 excusatu·
749 3656 855 3727 optimi.
880 3657 916 3710 cl.
930 3677 954 3711 c.
967 3655 1010 3711 64.
1030 3677 1055 3711 c.
1068 3659 1113 3713 24.
1131 3655 1228 3721 16,2.'

175 3745 240 3793 ros,
257 3747 291 3780 sc.
305 3724 466 3797 posteritati3
483 3723 629 3778 Wolfiuss
646 3727 738 3775 red·v
782 3727 925 3793 patrium,
961 3736 1105 3794 parentes.
1153 3730 1283 3787 Similiter
1380 3751 1383 3756 ·

175 3796 323 3865 deretfillo
335 3794 522 3849 sacerdotium
530 3794 709 3846 noritonam:
750 3793 900 3864 iunguntur
912 3797 982 3865 apud
996 3797 1106 3864 sallust„
1120 3797 1179 3853 Cat.
1198 3821 1222 3854 c.
1236 3803 1262 3855 6.

178 3866 339 3922 Germanos
375 3872 444 3926 etc.·,
487 3857 707 3915 Woltmanuus:
785 3863 908 3915 colonias
922 3881 1021 3929 novus.
1058 3866 1085 3918 Ο
1106 3866 1214 3921 inantur
1231 3869 1283 3926 viri

175 3936 363 3991 sacerdotium
383 3932 527 3984 martinum
548 3932 596 3996 (sc.
610 3927 713 3982 Caesa·
751 3930 822 3984 docti
846 3933 965 3985 colonias
984 3935 1095 4005 intelligi
1123 3936 1152 3989 iu
1176 3939 1284 3991 subacta

177 4004 215 4056 ris
227 4014 253 4057 et
265 4001 405 4076 AugustiJ=
423 4001 608 4053 llerrniannus
622 4011 710 4069 nuper
734 3998 898 4054 Germania
916 4021 930 4053 a
947 4001 1076 4057 Romanis
1099 4005 1284 4058 instaurandas
1326 4035 1337 4052 ι

80 4068 86 4076 ’
132 4109 133 4112 =
177 4073 334 4143 proposuit:
359 4074 410 4124 noo
427 4085 534 4121 nomen
549 4067 712 4122 Germanos
753 4078 832 4139 atque
843 4069 917 4139 genti
926 4069 1126 4127 Germanorum
1140 4073 1285 4141 timendam

178 4157 207 4194 n.
225 4155 247 4193 s.
269 4148 462 4194 excusaturos.
506 4133 712 4191 Stromlseclius
752 4139 806 4191 boe
835 4146 954 4214 tantum,
971 4140 1147 4215 disceptatur,
1191 4153 1284 4197 utrum

120 4217 123 4225 ·
179 4206 442 4266 favetWoltmsnni
455 4204 570 4272 rationis
592 4202 712 4260 Riclslsfs
753 4224 836 4261 noras
860 4207 930 4265 dicat
950 4221 1045 4267 auctor
1067 4221 1188 4282 respectu
1212 4210 1286 4284 prio·
