2792 4642
437 238 442 245 ·
533 182 764 265 PRAE'FA
776 186 892 265 TlO.
1212 214 1269 297 vn⁸

1037 268 1043 299 l

153 356 248 441 δριον
266 354 627 443 πεπεκαιεικοσιέςςις.
679 342 874 435 lucipiehat
893 360 1008 415 autern
1031 347 1183 434 dignitas
1202 348 1262 418 se·l

75 462 80 469 '
150 446 330 517 natoriaa
355 460 557 540 quaestura:
589 460 624 516 ct
641 440 733 519 lianc
749 443 864 517 Taciti
888 447 1103 537 temporibus
1124 475 1164 518 ea
1186 476 1255 544 qua

24 558 28 569 ’
150 547 338 618 Maecenas
370 549 449 618 vult
481 561 592 619 aetate
629 548 716 616 iniri
746 548 884 617 solitam
909 562 1061 637 arguunt
1087 553 1255 643 exempla.

149 645 316 739 Agricola
330 651 443 736 enim,
468 674 566 720 soeer
578 648 717 734 Taciti,
738 651 863 719 ambiit
879 665 1119 743 quaesturam,
1144 679 1253 745 quum

35 756 39 775 '
147 765 266 840 ageret
284 776 418 823 annum
436 752 641 822 vicesimum
657 753 833 845 quintum.
882 754 925 825 ef.
939 750 1051 827 Tacit.
1064 748 1150 842 Agr.
1170 781 1200 827 c.
1217 756 1252 828 6.

147 854 270 946 ibique
290 850 438 927 Walrlu
504 851 816 945 Tito‘Vespasiani
836 853 909 920 filio
931 868 1067 923 matura
1093 857 1253 946 petendis
1287 862 1309 882 *⁸

147 950 347 1025 honoribus
366 951 419 1049 (h.
434 982 464 1029 e.
481 955 679 1039 tribunatui
698 969 759 1027 aut
777 954 964 1025 aedilitati:
989 979 1071 1023 nam
1088 958 1253 1049 qrraestu·

147 1082 225 1125 ram
240 1056 344 1127 Titus
362 1059 461 1148 prius
471 1053 640 1151 gesserat)
658 1057 801 1129 iuventa
821 1055 993 1127 tribuitur
1013 1055 1142 1148 (Tacit.
1159 1058 1251 1133 ltist

3 1204 4 1209 κ
78 1226 79 1231 ,
146 1156 196 1244 ΙΙ,
213 1155 279 1252 1.),
312 1183 422 1252 quum
443 1174 533 1231 esset
552 1170 685 1251 septem
702 1173 738 1229 et
758 1156 886 1247 viginti
907 1182 1021 1228 annos
1044 1172 1157 1234 natus.
1207 1164 1250 1234 cl.

145 1261 292 1334 Sueton.
307 1259 380 1332 Tit.
395 1284 425 1334 e.
444 1262 476 1335 1.
526 1258 696 1356 Aliquam
712 1264 816 1336 etiam
834 1263 878 1329 de
890 1259 1005 1332 Taciti
1026 1274 1137 1330 aetate
1159 1265 1252 1331 notiss

107 1356 110 1362 ⁵
145 1363 233 1435 tiam
252 1364 366 1463 adfert
387 1362 484 1433 locus
507 1359 757 1448 Ann.111‚16.
779 1366 839 1433 sed
861 1387 996 1453 vagam.

249 1463 282 1557 §t
298 1463 333 1536 3.
365 1458 426 1532 De
438 1473 544 1560 patre
559 1459 694 1534 Taciti.
745 1464 841 1561 Haeq
863 1465 1018 1557 quaestio
1039 1465 1153 1534 multo
1175 1491 1251 1546 ma-

141 1564 197 1656 gis
210 1579 263 1636 est
276 1562 396 1638 dubia.
448 1565 565 1659 Quam
576 1582 618 1637 ut
629 1567 811 1651 fulcirent,
838 1567 907 1634 viri
921 1561 1016 1637 doc'ti
1028 1567 1067 1634 in
1080 1567 1251 1638 auxilium

14 1660 21 1764 J
142 1679 316 1737 vocarunt
330 1668 448 1737 locum
461 1666 571 1736 Plinii
585 1667 631 1740 ΙΙ
646 1667 691 1741 N.
712 1667 795 1754 Vll,
812 1667 869 1740 16.
888 1663 1102 1738 Invenimus
1118 1666 1157 1736 in
1172 1692 1250 1737 nro—

84 1826 85 1837 ,
143 1767 315 1839 nimentis
338 1765 532 1838 Salamine
555 1762 805 1863 Euthymenis
815 1764 947 1860 filiam
969 1771 1009 1838 in
1029 1769 1104 1840 tria
1127 1769 1255 1861 cubita

142 1868 302 1942 triennio
324 1862 543 1952 adolevisse,
575 1870 723 1943 ⁴incensa
747 1867 913 1952 tardum,
951 1896 1058 1941 sensa
1079 1865 1249 1953 hebetem,

51 2004 54 2021 ¹
141 1982 178 2045 et
209 1971 286 2041 iam
312 1970 479 2064 puberem
501 1973 671 2071 sactum,
705 1996 783 2042 voce
814 1970 983 2054 robusta,
1018 1972 1249 2070 absumptum

143 2070 384 2144 contractione
418 2074 657 2155 membrorum
686 2073 808 2147 subito
835 2073 992 2145 triennio
1026 2074 1250 2153 circumacto.
1297 2136 1307 2153 ,

141 2173 231 2271 Ipsi
246 2171 480 2270 nonstpridem
503 2172 660 2249 vidimus
682 2173 806 2249 eadem
821 2175 942 2276 serme
962 2176 1088 2247 omnia
1135 2187 1250 2248 meter

139 2275 365 2375 pubertatem
398 2275 448 2346 in·
461 2273 553 2371 filio
573 2272 743 2351 Cornelii
766 2272 895 2350 Taciti
920 2278 1051 2378 equt'tr's
1081 2202 1289 2445 liomaniq

141 2375 318 2473 Belgicae
336 2372 490 2451 Galliae
510 2381 669 2475 rationes
683 2380 928 2479 fflocurantis.
976 2379 1026 2454 At
1042 2380 1249 2454 Cornelium
1268 2406 1274 2424 ‘

140 2481 239 2553 huuc
259 2480 422 2553 Tacitum
442 2483 551 2553 fuisse
572 2484 687 2557 Taciti
709 2485 822 2555 nostri
841 2500 978 2577 patrem
999 2487 1126 2555 desunt
1145 2487 1250 2577 plane

138 2589 368 2670 documenta,
399 2585 530 2677 quibus
550 2587 739 2677 probetur,
772 2609 838 2655 nec
856 2588 952 2656 ullus
969 2610 1120 2679 usquam
1141 2600 1249 2655 exstat

140 2690 240 2771 locris
254 2700 317 2755 aut
327 2687 604 2773 monimentum,
627 2689 724 2756 unde
736 2688 953 2772 divinamus,
979 2713 1050 2780 quo
1069 2689 1249 2777 sanguinis

85 2828 91 2837 „
133 2791 252 2879 gradu
277 2789 491 2858 alteralteri
516 2812 695 2859 connexus
720 2789 838 2861 luerit.
906 2787 1029 2880 Neque
1056 2788 1136 2880 plus
1158 2790 1247 2879 lucis

83 2952 87 2957 .
133 2889 225 2962 -ltuie
237 2889 291 2958 rei
306 2890 421 2961 adsert-
437 2890 636 2981 inscriptio,
652 2892 752 2984 *quae
772 2891 864 2980 apud
880 2887 1088 2961 Reinesium
1111 2914 1145 2984 p.
1163 2892 1246 2966 103.

138 2992 285 3081 legitur:
324 2984 497 3086 Apollini
517 2987 781 3062 Rationatoris
804 2985 940 3060 honam
964 3015 1097 3063 usurus
1119 3016 1245 3062 seeun-

123 3083 449 3174 ,dumcomeliue
463 3087 586 3167 Verus
606 3090 762 3164 Tacitus
785 3092 898 3164 erexit
918 3094 1137 3164 munimenti
1159 3091 1245 3195 loco.

136 3195 231 3271 Nam
250 3195 305 3267 uti
326 3195 409 3277 satis
433 3196 624 3273 verisimile
646 3210 699 3266 est
721 3197 872 3267 eundem
898 3196 949 3264 ibi
970 3192 1094 3266 haberi
1114 3198 1244 3283 virum,

138 3299 240 3368 cuius
256 3295 397 3365 Plinius
416 3299 631 3375 mentionem
650 3297 749 3382 fecit,
774 3298 823 3368 ita
842 3297 968 3367 iisdem
988 3299 1142 3368 tenebris
1162 3324 1244 3391 prc-

36 3440 40 3449 ν
93 3435 101 3443 ’
137 3400 283 3472 mimur.
307 3395 471 3469 Ceterum
484 3401 579 3469 cide
592 3395 657 3468 hac
670 3398 903 3469 rePassovius
917 3399 970 3467 in:
989 3393 1243 3469 Philomathie

138 3500 166 3576 Ι.
183 3526 217 3593 ρ.
231 3495 309 3586 58„
334 3497 489 3573 Daunou
503 3503 556 3570 in:
573 3482 1042 3596 Biographieuniverselle.
1062 3500 1242 3576 T.XLlV.

136 3628 171 3696 p.
186 3598 259 3675 165
274 3626 349 3695 sqq,
397 3600 565 3674 UtPlinii
572 3602 778 3675 Cornelium
785 3597 949 3677 Tacitum
962 3603 1170 3695 cumLipsio
1188 3601 1243 3695 (in
1366 3594 1369 3611 ’

138 3707 210 3776 vita
223 3701 356 3802 Taciti)
372 3700 469 3775 hune
486 3707 601 3798 ipsum
622 3718 782 3774 nostrum
796 3705 903 3774 fuisse
916 3718 1036 3794 putes,
1060 3730 1133 3773 non
1150 3696 1242 3795 patiss
1261 3692 1270 3712 ’
1325 3718 1327 3725 “

133 3818 196 3885 'tur
209 3820 409 3900 temporum
422 3808 523 3880 ratio.
547 3873 550 3879 ,
575 3805 764 3894 Quomodo
773 3806 875 3875 ‘enim
889 3805 1046 3890 Plinius,
1067 3807 1128 3898 qui
1144 3829 1242 3872 mor-

114 3970 116 3975 ,
138 3922 219 3979 tuus
239 3923 289 3979 est
309 3902 370 3980 an'
383 3933 421 3982 u.
436 3910 522 3982 832.
541 3910 657 4001 potuit
675 3902 796 3978 uidere
810 3909 919 3987 trium
938 3932 1112 3975 annorum
1126 3905 1240 3974 fllium

135 4012 224 4096 viri,
246 4012 310 4105 qui
330 4034 388 4085 an.
407 4037 443 4086 u.
460 4010 553 4085 830.
569 4011 706 4083 iuvenis
724 4034 878 4079 uxorem«
891 4006 1060 4099 diruerat?
1083 4044 1086 4051 κ
1110 4003 1240 4075 Wolt-

138 4138 290 4191 mannus
320 4110 442 4205 (Tum.
464 4111 524 4190 V(
540 4140 576 4206 p.
598 4112 672 4185 217
698 4110 790 4208 sqq.)
829 4109 996 4207 opinatur
1034 4107 1238 4199 scriptorem
1258 4110 1261 4120 '
