2792 4642
175 119 311 274 ten
444 161 549 253 tm.
570 175 599 253 1.
643 175 759 256 can
776 177 963 257 msc
1183 182 1235 256 ω

123 336 201 409 tani
216 331 618 427 unoetvicesimanique‚
651 327 765 405 donec
785 334 910 406 iisdem
927 334 968 405 in
988 335 1129 408 aestivis
1147 363 1235 409 con-

5 505 13 518 ,
123 451 234 512 tracta
261 460 303 506 ex
329 435 458 514 viatico
485 435 682 506 amicorum
711 435 890 531 ipsiusque
909 435 1067 509 Caesaris
1083 442 1234 533 pecnnia

66 552 76 558 “
122 540 393 634 persolveretur.
450 534 609 606 Primam
634 561 673 606 nc
690 538 893 632 vicesimam
909 539 1065 631 legiones
1081 539 1234 614 Caecina

122 646 257 733 legatus
269 642 309 709 in
321 636 682 710 civitatemUhiorum
696 639 850 725 reduxit,
866 641 963 733 turpi
977 643 1128 733 agmine,
1138 703 1140 712 i
1151 669 1232 715 cnm

118 744 258 841 Qidc
271 743 483 834 imperatore
500 740 593 831 rapti
610 740 704 810 inter
722 740 822 831 signa
841 742 1001 837 interque
1018 746 1154 839 aquilas
1172 771 1234 817 ve-

123 842 307 916 herentur.
367 839 608 912 ‘Germanicus
634 843 851 933 superiorem
875 846 919 914 ad
939 841 1128 920 exercitum
1148 873 1234 941 pro-

121 950 235 1018 fectus
254 946 442 1015 secundam
454 957 489 1014 et
505 945 646 1013 tertiam
657 945 842 1016 decumam
856 959 892 1016 et
903 961 1034 1018 sextam
1048 950 1233 1020 decennem

121 1049 282 1139 legiones
311 1042 405 1133 nihil
441 1058 618 1116 cunctatas
650 1061 867 1117 sacramento
892 1048 1013 1139 adigit.
1078 1049 1233 1139 Quarta-

120 1149 311 1222 decumani
349 1147 499 1241 paulum
536 1147 804 1219 dubitaverant:
850 1151 1002 1243 pecunia
1041 1164 1077 1222 et
1111 1153 1232 1225 missio

121 1252 284 1348 quamvis
305 1275 380 1340 non
401 1248 642 1340 flagitantibus
661 1251 778 1321 oblata
799 1249 861 1326 est

222 1349 429 1424 XXXVIII.
479 1344 592 1422 Acin
615 1345 769 1424 Chaucis
797 1369 1002 1448 coeptavere
1024 1354 1234 1425 seditionem

119 1455 339 1551 praesidium
354 1454 523 1545 agitantes
540 1454 715 1526 vexillarii
736 1455 954 1528 discordium
971 1456 1174 1560 legionum,
1198 1471 1234 1532 et

152 1685 272 1756 pecunia
285 1685 504 1752 persolveretur.
537 1681 601 1737 Non
614 1702 657 1766 l⁰'
697 1682 780 1738 fuisse
792 1695 945 1748 veteranos,
958 1685 1010 1758 'qui
1021 1687 1159 1759 stipendiis
1206 1709 1232 1745 r·

118 1757 189 1812 lum·
222 1753 357 1826 quintanis
397 1752 656 1806 unaetvicesimants·
698 1752 764 1808 antis
777 1753 809 1807 ad
819 1753 943 1812 vexillum
955 1754 1145 1816 retinerentur,
1163 1707 1231 1813 ‹lin-

117 1845 189 1899 que,
212 1824 259 1877 sed
276 1822 355 1875 etiam
372 1820 501 1893 primariis
520 1831 547 1875 et
563 1819 655 1874 viceni·
699 1841 731 1876 ec
755 1821 904 1891 praemium
936 1833 964 1876 et
988 1818 1113 1878 emerita*
1128 1826 1231 1898 accipe·

117 1894 222 1953 manis,
240 1891 384 2012 quodw
405 1888 509 1966 ‚intelli
529 1890 591 1945 itur.
621 1889 656 1942 Et
697 1901 775 1952 rente
798 1888 915 1944 Pichena
927 1890 963 1943 ad
975 1889 1002 1944 h.
1016 1891 1034 1945 l.
1046 1903 1141 1947 contre
1152 1893 1230 1950 illum
1289 1879 1293 1900 ⁸

117 1972 195 2016 recte
211 1969 312 2013 monet
379 1909 471 2023 iltius,
494 1958 513 2028 il
541 1957 656 2029 slogio·
698 1958 853 2021 contendit,
877 1957 1025 2014 vexillarios
1041 1961 1131 2030 potius
1147 1961 1231 2018 fuisse

118 2050 185 2091 nes,
209 2048 294 2100 quum
312 2038 456 2098 poscerent
476 2026 656 2098 largitionem,
683 2040 803 2100 partem
821 2026 1031 2099 legionariorum
1046 2025 1170 2095 militum,
1203 2029 1231 2085 ui

119 2118 179 2154 non
192 2098 281 2152 solnm
292 2116 342 2167 pro
354 2116 397 2160 se,
410 2096 458 2168 sed
470 2116 520 2167 pro
532 2114 655 2149 conrmu·
697 2116 713 2149 a
726 2117 774 2152 sna
791 2096 896 2167 legione
914 2096 1050 2161 abessent,
1073 2116 1106 2152 ac
1122 2099 1188 2153 vexil
1199 2089 1246 2156 μ’

118 2161 366 2229 ῃίὴυέωημιιιοάἰο
381 2164 485 2218 locutas
499 2182 567 2217 esse.
697 2164 756 2220 rios
771 2163 1011 2246 appellatosuquia
1029 2167 1063 2220 ab
1080 2186 1095 2219 a
1115 2165 1176 2221 uilis
1194 2167 1231 2223 le·

46 2238 51 2244 ’
156 2237 230 2288 inter
256 2233 343 2301 'signa
370 2235 499 2300 aliterque
531 2233 653 2302 aquilas.
697 2232 808 2303 giouum
832 2243 946 2304 separati
968 2235 1018 2290 sub
1043 2185 1143 2289 verilis
1167 2255 1231 2309 pro·

120 2304 167 2359 Ad
186 2303 346 2374 signacnim
360 2302 389 2354 in
402 2300 654 2372 castrisdeponeba·
716 2304 761 2358 riis
786 2300 943 2357 militarent.
990 2302 1064 2356 Hinc
1085 2303 1158 2376 Lips.
1185 2305 1230 2374 (ad

117 2384 167 2427 tur
185 2373 308 2444 pecunia.
344 2370 380 2427 st.
399 2370 473 2423 Suet.
485 2369 573 2426 Dum.
592 2390 616 2424 c.
627 2370 654 2426 7.
697 2322 805 2436 ltine
823 2373 890 2440 too.)
908 2372 1156 2428 sententiamsuam
1169 2372 1231 2430 hae·

119 2443 216 2512 Vogel.
234 2442 265 2500 2,
282 2442 327 2492 20.
370 2438 463 2509 Turpe
487 2447 527 2492 est
556 2437 584 2490 in
613 2457 656 2502 eo,
696 2452 776 2496 tenus
794 2440 920 2500 mutavit,
954 2453 983 2495 ut
1001 2440 1119 2512 duplicia
1135 2442 1231 2498 vexilla
1327 2471 1331 2492 t

42 2514 49 2522 ⁸
117 2512 194 2586 quod
209 2509 326 2581 pecunia
343 2507 409 2561 deos
426 2505 554 2564 militares
572 2507 655 2559 comi·
697 2508 746 2563 illo
763 2528 828 2562 aevo
846 2501 929 2562 fuisse
942 2519 1083 2574 statueret,
1099 2510 1175 2582 prius
1188 2530 1230 2564 ve·

117 2592 179 2634 tans
197 2578 328 2649 flagitiose
350 2576 507 2647 imperatori
533 2585 590 2629 eret
613 2594 654 2628 ex·
696 2590 868 2650 terrenorum,
896 2578 1011 2631 alterum
1040 2595 1071 2629 cx
1097 2576 1230 2634 electione

118 2658 192 2702 torta
205 2656 232 2700 et
243 2645 318 2717 quasi
331 2655 415 2716 rapta.
696 2645 846 2701 secundum
861 2644 1016 2699 Pichenam.
1052 2643 1095 2698 Ab
1113 2657 1231 2718 utroque

147 2718 325 2769 vellerentur.
343 2713 387 2767 Sc.
394 2711 481 2767 mulis.
498 2710 655 2767 ett’haedr.
697 2710 962 2768 discessitErncstius
974 2712 1003 2766 in
1015 2729 1117 2788 excurs.
1131 2714 1199 2768 adh.
1210 2714 1229 2771 l.

115 2786 176 2849 27.
189 2781 425 2855 ibiqueSchwabe.
444 2781 546 2836 Moneo
558 2800 654 2835 eorum
685 2782 723 2836 'Is
737 2802 836 2852 nempe
848 2780 975 2853 repperit,
988 2779 1137 2861 vexillarios
1148 2781 1231 2838 fuisse

117 2874 214 2922 cause,
232 2852 278 2923 qui
289 2851 354 2905 nelei
365 2850 655 2922 interpretautnrsnh·
695 2849 833 2933 peculiare
857 2848 1173 2972 genus-pisinumdinter
1194 2850 1230 2935 le:

117 2943 307 3045 nm
342 2986 548 3042 nima.
564 2985 664 3041 ne„
696 2928 1020 3066 stetten-etr·
1035 2937 1230 3043 stunt

118 3082 150 3136 sq
173 3100 179 3114 .
201 3067 361 3112 cunctatus:
394 3056 465 3127 Lips.
491 3076 522 3109 er
543 3056 652 3125 ingenio
695 3056 751 3111 sius
786 3055 834 3122 (cf.
862 3054 970 3109 Graevu
999 3053 1079 3110 Thes.
1104 3055 1170 3112 Ant.
1194 3058 1228 3114 ll·

117 3081 196 3185 telis
221 3134 376 3187 cunctatus,
406 3125 480 3198 quod
501 3133 594 3195 postea
610 3123 653 3178 Pi·
694 3126 776 3179 Tom.
785 3125 819 3178 X.
836 3144 863 3196 p.
875 3123 962 3193 1428.)
975 3134 1129 3187 censuerat,
1149 3126 1229 3181 veril-

117 3199 202 3260 ehena
222 3199 251 3249 in
268 3195 328 3249 cod.
345 3194 406 3248 MS.
423 3193 496 3247 vidit.
532 3192 605 3264 opp.
624 3194 653 3248 in
695 3193 778 3248 lacios
792 3212 848 3246 esse
866 3192 1053 3265 intelligendos
1065 3192 1130 3247 levis
1142 3214 1228 3249 arma·
1308 3242 1311 3249 .

115 3286 177 3340 ⁴sqq.
192 3266 312 3333 paulum
326 3263 530 3317 dubitaverant.
569 3277 572 3292 ¹
694 3273 772 3317 turae
791 3260 898 3316 milites.
932 3260 1044 3316 llureau
1064 3255 1098 3314 de
1110 3262 1228 3319 Lamalle

152 3341 332 3389 sacrameto
343 3333 441 3397 adigit.
477 3329 503 3384 t.
511 3350 535 3385 e.
544 3330 573 3388 in
586 3329 651 3388 novi
694 3331 723 3385 id
740 3349 843 3383 nomeu
861 3328 958 3402 accipit
975 3329 1009 3382 de
1027 3329 1121 3400 primis
1138 3331 1228 3414 singu·

117 3403 248 3480 principis
259 3402 340 3455 verba
352 3399 440 3453 iurare
451 3399 534 3452 iussit.
694 3398 782 3453 larum
802 3397 954 3451 cohortium
976 3399 1117 3465 centuriis,
1134 3400 1228 3455 vexilli

153 3470 413 3541 quurtudecumoni.
444 3467 513 3522 Edd.
527 3467 650 3522 Beroald.
693 3465 865 3527 custodibus,
893 3466 1098 3539 vexillariosque
1121 3469 1227 3534 adsimi-

76 3567 78 3571 >
116 3541 275 3610 libensqq.
289 3539 543 3606 quartadecimani.
582 3535 651 3598 Edd.
693 3536 731 3590 lat
751 3537 774 3588 ei
797 3534 1048 3606 militumgeneri,
1077 3537 1123 3609 qui
1146 3537 1230 3606 hodie

116 3608 652 3681 l.ips.sqq.constantiaecausaqunrta-
692 3605 823 3659 dicuntur
858 3604 1038 3658 Grenediers.
1096 3604 1225 3674 Quorum

116 3679 276 3733 decumani.
312 3673 347 3730 cl.
365 3686 424 3729 not.
440 3674 473 3728 ad
491 3674 531 3736 14,
545 3672 588 3727 84.
691 3673 814 3728 virorum
844 3672 1035 3753 disputationes
1065 3687 1160 3755 quum·
1187 3674 1238 3730 rei'

152 3746 220 3801 Cle.
234 3744 277 3799 88.
315 3744 440 3797 clame.
469 3740 651 3797 Edlleroald.
692 3741 816 3795 nondum
846 3751 908 3794 satis
937 3740 1032 3795 fecisse
1060 3743 1226 3804 viderentur,

118 3816 225 3869 cauete.
261 3814 298 3866 At
311 3813 372 3866 intr.
385 3832 409 3865 c.
421 3811 465 3864 60.
482 3811 591 3864 Chauci.
691 3829 779 3881 nuper
801 3808 935 3863 Herelius
957 3828 1056 3863 novam
1075 3810 1225 3882 inquisitio·

151 3882 307 3937 vexillarii.
362 3879 518 3938 Vexillarii
548 3878 651 3951 saepius
693 3900 757 3932 1qu
775 3878 888 3932 instituit
903 3878 930 3930 in
943 3896 1057 3931 excursu
1069 3877 1102 3929 de
1121 3875 1225 3930 vexilla·

116 3952 264 4027 apudTac.
278 3947 349 4002 obvii
364 3950 480 4002 multum
494 3957 653 4003 vexaverunt
693 3946 894 4002 riiseditioniA
913 3947 961 4000 ric.
980 3945 1089 3998 adnexo.
1121 3943 1225 3998 Conce·
1330 3961 1333 3972 ¹

115 4024 185 4077 inter
208 4028 290 4074 retes.
326 4017 390 4071 Post
411 4037 471 4071 uam
486 4015 590 4088 Lipsius
607 4016 651 4082 (de
693 4017 733 4070 dit
748 4016 776 4069 in
793 4014 885 4069 multis
896 3965 1136 4068 locis‘verillarios
1149 4011 1225 4084 iutell-

115 4042 270 4147 mil.llom.
286 4085 380 4149 teet
397 4141 400 4146 ‚
420 4088 483 4146 ‚19.
498 4084 570 4140 etad
585 4083 650 4139 Tac.
692 4084 739 4155 ligi
764 4093 919 4145 veteranum
947 4081 975 4135 id
999 4090 1089 4132 tamen
1116 4097 1171 4132 uon
1195 4080 1225 4136 in

115 4162 166 4217 An.
188 4164 218 4224 1.
247 4157 301 4224 17.)
331 4164 473 4232 censuerat
499 4150 652 4208 ‘vexillarios
692 4152 946 4226 omnibusessenon
955 4146 1225 4210 modonoudubitat.
1339 4173 1353 4194 .
