2792 4642
165 173 276 292 a
556 169 868 314 '‘assamuu
1082 200 1222 303 tate

266 363 381 440 LXII.
431 362 544 454 Igitur
563 361 750 435 Romanus
772 363 835 456 qui
849 363 976 440 ,aderat
999 364 1168 435 exercitus
1196 389 1281 434 sex-

165 486 243 543 tum
266 482 347 560 post
376 467 485 538 eladis
517 463 652 538 annum
682 465 793 535 trium
822 463 1003 554 legionum
1034 467 1137 551 ossa,
1171 467 1279 536 nullo

164 584 333 648 noscente
362 570 494 639 alienas
525 566 693 661 reliquias
724 592 771 636 an
799 590 946 637 suorum
963 657 964 664 ἵ
983 561 1094 636 humo
1133 582 1281 657 tegeret,
1334 623 1337 630 ,

156 691 288 745 ‘omnes
307 686 349 741 ut
368 665 594 753 coniunctos,
629 682 671 738 ut
691 669 987 758 consanguineos,
1025 683 1126 740 aucta
1148 670 1187 738 in
1207 665 1280 738 ho-

165 791 254 846 stem
276 775 347 858 ira,
376 772 501 851 maesti
520 769 628 840 simul
646 784 680 840 et
701 770 832 839 infensi
853 771 1063 864 condebant.
1112 768 1280 859 Primum

166 875 376 948 exstruendo
397 873 534 943 tumulo
558 871 745 964 caespitem
763 868 892 941 Caesar
910 872 1044 963 posuit,
1076 873 1278 961 gratissimo
1322 881 1329 904 '

164 1002 311 1049 munere
342 976 384 1045 in
416 977 599 1044 defunctos
631 984 666 1041 et
691 973 942 1065 ‘praesentibus
975 972 1109 1042 doloris
1144 975 1276 1049 socius.
1345 989 1347 1000 '

165 1080 274 1171 Quod
300 1077 446 1148 Tiberio
469 1071 567 1144 baud
590 1075 797 1166 probatum,
827 1098 889 1143 seu
920 1087 1047 1144 cuncta
1068 1072 1279 1146 Germanici

164 1184 205 1251 in
226 1181 378 1253 deterius
397 1173 571 1260 trahenti,
608 1175 681 1244 sive
704 1176 894 1245 exercitum
916 1175 1069 1265 imagine
1093 1202 1279 1260 caesorum

164 1283 490 1377 insepultorumque
502 1279 681 1354 tardatum
694 1280 740 1346 ad
754 1278 890 1371 proelia
905 1291 940 1346 et
952 1278 1278 1349 formidolosiorem

114 1425 118 1432 ³
163 1384 322 1457 hostium
343 1381 521 1451 credebat:
555 1402 670 1472 neque
695 1379 944 1471 imperatorem
969 1395 1142 1470 auguratu
1158 1396 1193 1450 et
1211 1407 1279 1450 ve-

164 1485 364 1560 tustissimis
389 1481 610 1552 caerimoniis
635 1480 835 1574 praeditum
858 1495 1041 1556 attrectare
1064 1484 1187 1553 feralia
1207 1484 1275 1553 de-

167 1590 295 1660 buisse.

196 1805 199 1814 ¹
264 1713 399 1791 LXIII.
450 1714 521 1787 Sed
535 1712 770 1786 Germanicus
791 1718 974 1802 cedentem
995 1719 1034 1787 in
1057 1712 1136 1788 avia
1151 1711 1278 1785 Armi-

165 1824 268 1894 nium
300 1833 455 1922 secutus,
483 1818 548 1888 ubi
571 1818 729 1910 primum
756 1820 856 1911 copia
880 1821 967 1905 fuit,
1008 1813 1111 1889 evehi
1139 1817 1275 1911 equites

164 1946 415 2016 campumque,
441 1933 551 2014 quem'
567 1916 679 1990 hostis
705 1920 898 2007 insederat,
923 1922 1012 2014 eripi
1033 1921 1141 2015 iubet.
1200 1914 1278 1988 Ar-

164 2026 298 2097 minius
318 2023 437 2126 colligi
460 2046 541 2091 suos
559 2035 595 2090 et
612 2022 851 2114 propinquare
874 2023 972 2091 silvis
993 2023 1147 2093 monitos
1166 2022 1277 2092 vertit

165 2143 321 2223 repente:
348 2149 430 2195 mox
455 2125 595 2212 signum
614 2123 871 2215 prorumpendi
894 2124 991 2194 dedit
1014 2124 1075 2208 iis,
1099 2146 1186 2217 quos
1207 2142 1277 2215 per
1385 2209 1386 2216 ἵ

165 2234 274 2302 saltus
296 2227 545 2298 occultaverat.
606 2237 692 2293 tunc
726 2248 820 2294 nova
855 2226 928 2296 acie
950 2227 1120 2300 ¹turbatus
1152 2248 1276 2317 eques:

163 2334 358 2421 missaeque
390 2323 620 2396 subsidiariae
652 2320 813 2397 cohortes
842 2341 876 2398 et
897 2328 1111 2419 fugientium
1133 2327 1278 2416 agmine

164 2433 336 2526 impulsae
355 2441 531 2500 auxerant
545 2428 883 2500 consternationem:
909 2431 1211 2522 trudebanturque
1232 2429 1278 2497 in

153 2536 331 2630 ,paludem
351 2554 497 2622 gnaram
517 2529 761 2616 vincentibus,
785 2532 945 2625 iniquam
962 2531 1105 2615 nesciis,
1129 2532 1169 2598 ni
1183 2528 1278 2600 Cae-

164 2651 222 2712 sar
244 2636 433 2731 productas
452 2632 607 2722 legiones
630 2631 860 2705 instruxisset.
910 2634 993 2702 inde
1017 2628 1178 2703 hostibus
1200 2647 1278 2702 ter-

131 2747 134 2752 “
164 2761 245 2826 ror,
267 2737 394 2807 fiducia
413 2735 535 2804 militi:
558 2747 597 2833 et
610 2735 775 2804 manibus
789 2736 910 2827 aequis
928 2735 1133 2812 abscessum
1183 2733 1277 2803 Mox

163 2843 309 2934 reducto
327 2840 372 2908 ad
387 2833 729 2927 Amisiam-exercitu
747 2836 902 2926 legiones
917 2838 1040 2922 classe,
1063 2848 1105 2906 ut
1123 2837 1277 2905 advexe-

86 2979 94 2990 =
163 2957 234 3029 rat,
254 2952 438 3032 ‘reportata
462 2937 729 3031 parsj‘equltum
752 2937 855 3008 litore
877 2934 1015 3008 Oceani
1031 2952 1151 3032 petere
1171 2932 1276 3008 Rhe-

71 3081 77 3087 ·
164 3069 252 3144 num
267 3043 376 3112 iussa:
403 3038 572 3126 Caecina,
582 3040 660 3132 qui
679 3042 784 3130 suum
798 3041 947 3111 militem
963 3042 1129 3134 ducebat,
1153 3039 1276 3108 moni-

199 3303 267 3359 Cte.
281 3303 325 3357 62.
378 3299 408 3353 ui
420 3302 530 3353 aderat
558 3297 696 3354 Ernestius
740 3301 884 3366 debentur,
911 3302 959 3357 ‘uti
988 3320 1125 3374 opponere
1155 3300 1274 3354 solemus

164 3374 230 3429 haec
243 3374 325 3426 verba
339 3318 483 3423 alibrariis
498 3366 568 3449 male
575 3371 697 3440 jrepetita
739 3372 815 3426 vivos
829 3372 957 3433 mortuis,
975 3382 1057 3441 utque
1068 3387 1133 3421 mox
1151 3368 1208 3439 ipse
1220 3370 1274 3422 Ta·

184 3442 275 3495 utabat
293 3458 323 3491 ex
338 3438 417 3491 initio
431 3437 577 3509 superioris
588 3437 697 3508 capitis3
740 3440 809 3506 citus
830 3440 973 3494 defunctos
991 3439 1106 3511 opponit
1127 3439 1273 3510 praesenti·

164 3463 337 3566 ltvolfiusex
380 3516 422 3562 ata
435 3507 548 3575 quadam
561 3506 696 3576 negligeu·
738 3511 799 3582 bus.
1180 3553 1182 3560 ,,

72 3556 109 3640 ⁸.
165 3580 201 3634 tia
210 3576 340 3651 potiusad
361 3578 397 3628 ita
406 3574 509 3628 scribit.
541 3573 695 3628 Rectiusta·
772 3595 954 3646 exstruendo,
986 3589 1128 3644 13destss
1146 3588 1271 3646 Ehem,

165 3667 228 3706 men
257 3645 379 3700 censebis
401 3643 534 3696 Tacitum
549 3642 696 3713 prudenter
739 3662 801 3715 ΑΜ,
814 3664 984 3714 extruendo,

165 3720 232 3773 baec
240 3713 382 3775 addidisse,
393 3709 450 3766 non
461 3713 550 3764 solum
563 3720 592 3762 ut
604 3729 696 3763 narra-

165 3788 277 3843 tionem,
289 3782 414 3836 locorum
428 3779 697 3850 descriptioneinter-
739 3810 754 3833 ῃ
774 3753 917 3868 55¹1&ng
947 3752 974 3797 et
1002 3752 1132 3864 iffmfft'·
1142 3762 1270 3867 timim·

165 3866 288 3928 ruptam,
324 3869 356 3903 su
391 3849 508 3901 rioribus
543 3847 696 3900 adnecteret
739 3831 770 3870 ὃν
799 3833 827 3866 ‘⁰‘
860 3829 933 3881 '¹⁰⁰⁴’
954 3830 1008 3881 ‘l¹¹⁰
1041 3823 1134 3888 ⁰¹¹¹l⁵¹¹
1168 3824 1222 3866 ⁰¹·

165 3930 239 3992 (nam
262 3933 341 3992 supra
357 3868 470 3970 lhoutus
488 3925 544 3968 erat
561 3916 593 3968 de
613 3914 696 3976 omni,
773 3898 842 3953 CAP-
853 3897 896 3951 6⁸⁹¹·
914 3899 1170 3980 ‚nummusque
1239 3896 1286 3978 nix

166 3993 213 4065 qui
225 3991 329 4050 aderat,
347 3984 473 4052 exercitu)
481 4004 491 4047 ,·
510 3981 558 4037 sed
574 3984 655 4037 ctiam
667 3994 699 4038 ut
738 4003 780 4021 ...
794 3975 983 4020 instruxisset.
1016 3965 1053 4021 cl.
1071 3978 1131 4022 not.
1149 3968 1182 4020 ad
1198 3962 1271 4021 (αδ

167 4077 229 4112 cum
260 4055 376 4127 emphasi
404 4052 519 4124 quadam
546 4061 698 4134 opponeret
739 4034 823 4089 ⁰²35·
1075 4101 1078 4112 .

157 4125 328 4188 exercitum,
357 4120 404 4193 qui
424 4120 529 4181 aderat,
557 4123 643 4175 tribus
662 4120 698 4175 le·
774 4120 856 4173 litore
870 4117 985 4173 Oceani.
1020 4119 1128 4186 atuor,
1143 4116 1269 4173 ,(1964),

166 4194 291 4263 gionibm
306 4192 417 4255 attritis,
425 4207 549 4259 quarum
561 4208 621 4247 ossa
633 4207 698 4249 rott-
740 4207 765 4243 ι,
776 4206 801 4242 v.
806 4188 917 4259 finibus
927 4187 1102 4248 maioma.
