2792 4642
157 217 184 269 x
306 174 309 189 ’
534 192 886 275 PRAEFATIO
1171 276 1174 281 ,

156 353 264 423 verba
279 347 364 442 Agr.
378 372 408 425 c.
424 348 486 424 44.
507 353 572 423 ubi
585 350 749 443 Agricola
769 353 901 425 dicitur
916 351 1033 427 saleis
1048 348 1259 449 adfinitati-

126 452 224 529 bus
237 461 269 524 el
285 451 458 525 amicitiis
466 452 604 554 satura
619 449 801 557 effugisse.
848 456 988 527 Nam
961 481 992 526 se
1013 472 1180 548 generum
1198 462 1258 533 ille

153 558 313 641 exsulem
323 558 537 651 reliquisset,
560 582 635 627 non
656 571 793 651 poterat
808 559 887 627 diei
906 555 1024 637 salvis
1043 555 1274 652 adfinitati-²
1300 637 1302 640 ,

155 657 223 741 bas
243 660 439 739 decessisse.
500 658 643 779 Lipsius
669 662 786 732 taedio
807 675 1006 754 temporum
1031 676 1066 731 et
1092 665 1258 755 cupidine

152 763 218 835 otii
235 761 398 835 Tacitum
420 763 597 841 secessisse
613 777 739 835 censet.
789 760 860 832 Sed
875 787 964 857 quae
978 762 1132 835 Noster
1120 791 1160 835 m
1172 761 1259 857 Agr.

153 884 183 937 c.
194 860 258 941 46.
274 865 449 958 queritur,
475 866 714 939 necessitatem
730 866 849 957 potrus
860 866 1037 939 absentiae
1052 883 1216 957 arguunt.-

237 981 339 1054 Post
365 984 475 1052 soceri
497 1006 692 1068 excessum,
725 1008 788 1076 qur
776 982 934 1054 accidit
953 1007 1010 1055 an.
1031 1009 1066 1058 u.
1085 980 1249 1057 8481
1196 976 1256 1078 (cf

153 1083 238 1158 Tae.
252 1080 336 1176 Agr.
350 1110 379 1158 c.
385 1082 476 1180 44.)
496 1109 578 1154 mox
597 1109 637 1155 se
650 1083 805 1156 Romam
826 1086 971 1155 rediisse
993 1087 1068 1178 ipse
1083 1087 1179 1155 testis
1195 1101 1256 1159 est.

152 1187 196 1260 cf.
212 1180 296 1276 Agr.
317 1214 346 1260 c.
359 1181 420 1259 46.
435 1181 534 1254 Mox
548 1195 694 1257 nostrae
710 1181 845 1257 duxere
858 1185 943 1258 H.
927 1213 966 1256 m
983 1209 1155 1256 carcerem
1172 1212 1256 1256 ma·

151 1313 224 1358 nas
244 1304 308 1361 etr.
364 1286 523 1357 Helvidii
544 1290 640 1358 enim
655 1290 843 1360 accusatio
849 1304 884 1361 et
905 1276 1084 1360 damnatio
1108 1291 1229 1361 cadit
1218 1316 1256 1358 1n

125 1367 286 1513 launum
315 1387 400 1460 846.
417 1391 481 1460 vel
503 1387 589 1465 847.
650 1389 875 1463 Domitianus
910 1393 1056 1462 decessit
1083 1416 1141 1465 an.
1170 1390 1257 1468 848.

150 1491 227 1563 Iam
255 1500 400 1561 nostrae
432 1517 566 1562 amnas
597 1495 743 1588 quidem
777 1518 852 1563 uon
874 1495 987 1564 unice
1021 1506 1104 1564 sunt
1129 1491 1258 1582 Taciti,

149 1597 428 1689 sadsenatorum
441 1595 480 1663 in
494 1596 711 1669 universum.
762 1595 896 1667 Verum
914 1609 1008 1666 totus
1020 1596 1119 1665 lours
1131 1595 1186 1666 -ita
1206 1613 1256 1668 est

149 1697 267 1769 verbis
284 1712 488 1788 conceptus,
513 1711 554 1768 ut
567 1696 731 1781 Tacitum
750 1699 857 1769 rebus
880 1699 953 1767 illis
976 1699 1135 1768 tristibus
1153 1723 1256 1789 prae-

149 1811 285 1877 sentem
298 1799 405 1868 fuisse
418 1798 520 1869 facile
536 1799 721 1890 intelligas.
773 1798 925 1869 Minime
943 1801 1054 1890 'igitur
1074 1800 1182 1870 dubia
1205 1815 1255 1872 est

146 1896 235 1971 haee
254 1902 329 1986 res,
358 1914 400 1971 ut
420 1900 562 1972 videtur
577 1898 771 1974 Weikerto
789 1902 829 1971 in
851 1902 1118 1974 Introductione
1136 1905 1181 1972 ad
1201 1907 1254 1976 ed.

146 2000 235 2077 Tac.
260 2027 296 2096 p.
312 2001 413 2077 XIX.

59 2140 161 2249 qq
230 2118 385 2191 Consul
399 2143 480 2189 cum
495 2106 611 2189 Nerva
625 2118 694 2189 fuit
707 2143 754 2188 an
766 2120 845 2191 urb.
862 2113 949 2223 864).
964 2120 1158 2192 suffectus
1147 2148 1185 2191 m
1199 2125 1255 2194 lo-

147 2242 230 2294 tum
244 2196 467 2313 'fVerginii
483 2219 586 2306 Rufi,
617 2242 725 2314 quem
745 2236 924 2291 mortuum
947 2247 1012 2315 pro
1033 2226 1155 2339 rostris
1177 2227 1255 2297 lau-

147 2325 289 2399 davit.
308 2324 350 2396 if.
363 2320 458 2396 Plin.
474 2347 553 2416 epp.
573 2277 619 2409 ll,
638 2323 670 2396 1.

83 310 94 343 Ι

250 2505 284 2603 ξ.
294 2508 335 2603 8.
358 2503 421 2577 De
435 2501 562 2577 Taciti
577 2480 690 2577 absia.
739 2504 858 2596 Quem
877 2509 969 2580 vitae
988 2509 1094 2578 finem
1110 2509 1254 2585 Tacitus

148 2611 343 2703 invenerit,
366 2612 471 2703 plane
492 2611 665 2680 incertum
690 2622 752 2682 est.
808 2608 869 2680 An
892 2613 960 2680 sub
980 2609 1164 2681 Hadriano
1184 2614 1255 2682 im-

144 2728 308 2807 peratore
332 2714 478 2796 virerit‚
511 2713 652 2785 nullum
680 2712 826 2805 quidem
855 2724 969 2804 exstat]
993 2714 1255 2800 documentum,
1308 2770 1312 2775 .

145 2840 264 2909 nequae
281 2830 400 2886 tamen
415 2815 609 2908 quidquam
628 2815 668 2883 in
687 2815 902 2883 contrariam
921 2827 1056 2905 partem
1076 2817 1254 2887 adfirmari

145 2931 271 3011 potest.
292 2914 551 2986 'Verisimilius
563 2931 684 2986 tamen
696 2912 847 2985 liabetur
862 2916 966 2985 illum
978 2914 1152 2986 Hadriani
1165 2934 1253 2988 tem-

136 3020 293 3113 poribus
306 3018 413 3088 luisse
427 3019 466 3086 in
480 3018 583 3090 vivis
633 3016 725 3087 Nam
738 3012 934 3087 Annalium
947 3019 1059 3088 libros
1068 3034 1166 3090 certe
1181 3047 1255 3091 non

75 3202 78 3211 ,
146 3136 229 3191 ante
241 3145 385 3193 'annum
407 3145 442 3211 p.
454 3115 539 3193 Chr.
556 3118 719 3191 116.vel
741 3117 824 3192 117.
846 3120 975 3206 edidit,
1000 3133 1034 3190 et
1055 3147 1149 3192 anno
1170 3123 1252 3196 117.
1347 3156 1351 3165 .

133 3212 352 3299 =Hadrianus
366 3221 522 3294 Traiano
544 3221 717 3297 suecessit.
767 3221 1041 3316 et'infi.§.12.
1156 3259 1163 3267 ν
1278 3247 1287 3254 ’

372 3604 376 3623 ὶ
417 3518 466 3611 ll.
506 3536 568 3591 ur
601 3534 769 3592 sumens
803 3516 988 3609 TAClTl.

251 3710 283 3806 ξ.
295 3709 334 3783 9.
366 3704 460 3784 Vita
476 3694 684 3803 Agricolae.
733 3709 821 3781 lnde
843 3735 862 3781 e
883 3712 1068 3781 consulatu
1092 3734 1157 3783 suo
1179 3710 1277 3821 Ta·

108 3804 111 3809 ¹
148 3816 240 3891 citus
252 3837 291 3884 se
312 3812 449 3909 paravit
463 3814 509 3881 ad
518 3814 767 3904 componenda
781 3837 887 3904 opera
902 3814 982 3898 illa,
1007 3813 1085 3906 quis
1107 3815 1254 3887 immor.

147 3918 218 3991 tale
236 3939 367 3985 nornen
388 3915 484 4007 apud
503 3929 662 4006 posteros
683 3916 830 4033 adeptus
852 3928 919 3985 est:
951 3930 985 3985 et
1004 3916 1160 4007 primum
1177 3935 1252 3991 tum
1285 3986 1294 3997 ,
1369 3931 1390 4015 ’ἱ

140 4018 287 4108 ,scripsit
311 4017 422 4087 vitam
444 4010 649 4113 Agricolae
657 4017 780 4091 soceri.
852 4015 944 4093 Nam
973 4019 1147 4110 principio
1178 4021 1253 4091 eius
1322 4054 1325 4061 ⁴
1389 4017 1390 4029 ’

149 4118 235 4197 libri
254 4116 349 4213 (cz
369 4131 402 4189 et
418 4117 470 4214 8)
491 4133 574 4199 tam
583 4119 794 4199 luculenta
783 4133 905 4193 rasum
924 4121 1132 4195 documenta
1146 4122 1253 4201 ‘laci
