2792 4642
198 197 272 276 aaa
595 187 926 280 auuamuu
1115 125 1265 287 aper

404 293 426 322 Ο,

297 346 430 425 LXVI,
479 347 552 422 Sed
566 364 608 421 ut
621 348 739 421 studia
755 371 942 442 procerum
960 360 995 418 et
1013 343 1155 440 largitio
1176 350 1325 443 princi-

199 458 254 551 pis
274 456 463 524 adversum
484 475 584 523 casus
604 451 772 524 solatium
792 452 968 535 tullerant,
1001 449 1049 520 ita
1069 467 1324 534 accusatorum

197 558 313 628 maior
327 556 367 623 in
382 556 458 626 dies
471 569 507 626 et
519 555 683 626 infestior
695 553 752 624 vis
764 553 840 624 sine
853 555 1050 638 levamento
1070 557 1323 643 grassabatur:

198 659 485 752 corripueratque
491 654 629 727 Varum
638 654 857 745 Quintilium
870 655 1016 724 divitem
1029 671 1064 729 et
1074 653 1221 727 Caesari
1234 684 1323 751 pro-

196 764 374 857 pinquum
392 757 572 830 Domitius
594 754 681 830 Aler
701 755 871 829 Claudiae
890 752 1066 832 Pulchrae
1087 762 1214 830 matris
1244 761 1323 831 eius

197 866 480 948 condemnator,
496 862 599 931 nullo
613 861 766 931 mirante
779 860 876 953 quod
888 859 952 929 din
964 882 1069 949 egens
1081 874 1115 931 et
1128 876 1236 953 pacto
1251 888 1321 936 nu-

198 991 263 1061 per
289 965 448 1060 praemio
475 965 568 1032 male
595 947 680 1033 ustis
705 964 810 1055 plura
837 963 883 1031 ad
908 961 1042 1052 flagitia
1063 963 1320 1055 accingeretur.

197 1069 367 1140 Publium
372 1065 597 1140 Dolabellam
609 1065 745 1134 socium
758 1062 946 1133 delationis
958 1064 1128 1135 exstitisse
1140 1068 1319 1139 miraculo

198 1185 293 1257 erat,
323 1169 407 1264 qnia
422 1167 531 1238 elaris.
540 1165 737 1237 maioribus
752 1180 787 1236 et
801 1164 898 1256 Varo
916 1190 1093 1237 connexus
1117 1192 1223 1239 suam
1245 1171 1320 1262 ipse

197 1274 438 1356 nobilitatem,
476 1292 580 1339 suum
601 1269 810 1359 sanguinem
827 1266 1008 1361 perditum
1027 1269 1112 1344 ibat.
1170 1269 1320 1343 Restitit

196 1384 317 1448 tamen
344 1385 484 1442 senatus
519 1384 554 1442 et
586 1372 844 1468 opperiendum
879 1369 1129 1462 imperatorem
1161 1375 1317 1445 censuit:

197 1479 295 1576 quod
322 1497 436 1546 unum
463 1473 667 1564 urgentium
690 1474 871 1544 malorum
895 1472 1091 1564 suffugium
1112 1474 1153 1543 in
1177 1490 1316 1569 tempus

198 1593 284 1664 erat,
1062 1607 1067 1616 ·
1292 1611 1297 1618 ‘

296 1674 448 1753 LXVII.
473 1672 660 1750 AtCaesar
674 1677 843 1748 dedicatis
856 1700 921 1770 per
929 1672 1162 1771 Campaniam
1174 1681 1316 1773 templis

198 1803 403 1877 quanquam
416 1782 530 1851 edicto
542 1780 754 1866 monuisset,
765 1803 811 1848 ne
823 1780 905 1873 quis
919 1780 1072 1873 quietem
1087 1782 1163 1851 eius
1171 1782 1316 1853 inrum-

199 1898 315 1978 peret,
339 1906 600 1978 concursusque
621 1882 885 1975 oppidanorum
903 1881 1075 1974 disposito
1094 1884 1212 1955 milite
1231 1910 1316 1977 pro-
1376 1957 1377 1974 ἶ

197 1984 424 2070 biberentur,
447 2008 595 2079 perosus
608 1999 728 2055 tamen
741 1983 936 2076 municipia
952 1998 986 2054 et
1002 1986 1159 2056 colonias
1175 1989 1316 2057 omnia-
1376 2023 1377 2072 t

199 2115 268 2184 que
282 2090 323 2159 in
334 2087 533 2182 continenti
546 2085 613 2155 sita
619 2083 772 2177 Capreas
785 2108 821 2153 se
835 2084 875 2162 in
887 2084 1042 2156 insulam
1056 2089 1195 2159 abdidit
1207 2090 1315 2161 trium
1376 2125 1377 2170 1

197 2192 353 2261 millium
372 2190 462 2258 freto
484 2187 529 2256 ab
550 2187 713 2256 extremis
725 2185 929 2257 Surrentini
940 2189 1179 2280 promontorii
1193 2193 1316 2263 diiun-

198 2306 302 2364 ctam.
358 2287 597 2359 Solitudinem
620 2287 696 2357 eius
718 2288 891 2381 placuisse
917 2292 1068 2361 maxime
1093 2292 1315 2380 crediderim,

198 2391 368 2486 quoniam
380 2389 638 2480 importuosum
648 2389 746 2460 eirca
764 2415 862 2462 mare
882 2404 916 2462 et
926 2393 987 2462 vix
1001 2394 1149 2464 modicis
1163 2396 1314 2487 navigiis

196 2518 307 2588 panca
322 2491 494 2563 subsidia:
519 2516 635 2585 neque
650 2493 828 2584 adpulerit
845 2493 1032 2587 quisquam
1045 2496 1117 2565 nisi
1129 2519 1239 2586 gnaro
1253 2523 1314 2569 cu-

199 2597 310 2671 stode.
360 2593 451 2666 coeli
465 2593 652 2686 temperies
662 2590 781 2664 bieme
797 2597 893 2665 mitis
907 2596 1047 2668 obiectu
1067 2601 1217 2685 montis,
1243 2626 1312 2694 quo

198 2724 300 2772 saeva
314 2710 503 2769 ventorum
516 2708 696 2767 arcentur:
723 2710 833 2768 aestas
851 2696 891 2766 in
904 2694 1105 2770 Favonium
1118 2702 1266 2773 obv'ersa
1280 2716 1313 2773 et

232 2947 303 3002 cir.
320 2946 365 3002 66.
387 2948 538 3001 adversam
558 2960 654 2997 σαωε.
689 2941 736 2998 Sic
777 2944 939 3012 trampus.
972 2943 1086 3000 Frustra
1097 2945 1224 3001 Heinsius
1241 2965 1310 3001 con·
1375 2969 1376 3006 t

197 3019 267 3072 bene
290 3015 373 3070 bodie
398 3014 482 3068 edunt
501 3032 516 3067 e
537 3011 641 3066 Heinsii
664 3031 735 3066 oon·
776 3013 839 3067 iecit
856 3015 939 3074 tutu
956 3022 1085 3082 tempus;
1114 3014 1261 3086 Rupertius
1283 3019 1312 3071 in

199 3086 309 3154 iectura.
362 3081 453 3135 Casus
480 3081 599 3151 intellige
626 3080 736 3134 ruinam
777 3091 904 3149 tempore
934 3102 972 3136 se
1001 3083 1062 3137 boc.
1108 3083 1195 3153 Quod
1226 3086 1311 3139 miror

197 3150 436 3275 Eqrpbisseatrildet
462 3148 620 3270 inoeniium
649 3150 734 3203 urbis.
776 3150 966 3273 ί8ιτοιιιιῑέἑῖιιὶιιίιο
976 3162 1140 3254 acceptum,
1164 3155 1318 3274 quuZm‘tio..

198 3259 271 3344 sumi
304 3236 736 3343 belreiietussiiiiiieizeritriugldvss
777 3238 867 3342 iiiiii
891 3238 1170 3359 Ppwhfflup'uffip
1188 3241 1309 3362 tenipcii'i

197 3358 240 3412 sis
252 3377 383 3421 casuum,
402 3355 467 3411 coll.
481 3354 506 3419 8,
520 3354 564 3408 24.
754 3361 758 3368 '
778 3354 923 3478 suffugium
948 3357 1108 3412 diuturnum
1127 3369 1185 3413 crat
1205 3360 1308 3431 pericli·

234 3426 413 3498 Quintilium.
448 3422 485 3477 cf.
499 3432 557 3478 not.
571 3422 606 3477 ad
619 3426 643 3483 1,
656 3423 683 3478 3.
778 3424 845 3479 tanti
866 3444 912 3490 ως
939 3423 961 3479 si
982 3435 1072 3480 tanen
1093 3433 1189 3481 causae
1209 3430 1308 3483 differe·
1368 3487 1372 3496 ,

232 3497 367 3551 Claudiae
394 3491 544 3548 Poturae.
598 3492 635 3547 cf.
659 3510 734 3564 supr.
776 3494 878 3546 bantur
888 3495 918 3546 in
930 3495 1114 3567 cognitionem
1125 3495 1308 3570 principir‚ut

201 3585 227 3623 ο.
240 3566 293 3647 52..
609 3587 611 3598 1
752 3586 757 3590 ·
777 3579 836 3614 non
849 3562 938 3644 statim
952 3564 1198 3644 equdemnarentur
1209 3568 1263 3636 rei,
1281 3566 1308 3621 id

197 3625 735 3769 nssb‘iss‘ii‘ffbeiiiiiffl‘iiAii
776 3631 1164 3768 ⁸“itt'.“'t'⁷.¹¹¹tt·“;t2tt
1185 3708 1304 3759 ......ι.ι

198 3771 320 3829 scribunt
332 3768 536 3832 adubgcretur,
549 3764 612 3819 alibi
625 3768 735 3833 occing.
776 3766 847 3822 Sunt
862 3769 910 3839 qui
925 3769 1043 3823 custodit
1059 3771 1225 3827 vocabulum
1241 3774 1304 3827 ret‘e·

196 3843 255 3897 Nos
279 3836 444 3893 constantiae
468 3853 580 3905 operam
600 3833 733 3903 dedimus.
775 3845 837 3889 rant
857 3837 890 3889 ad
908 3836 1029 3892 excubias
1047 3839 1120 3893 litori
1140 3843 1304 3897 observando

99 3959 105 3972 ,
195 3912 264 3966 Mox
273 3922 423 3961 connexus
435 3902 496 3956 edd.
510 3902 582 3975 Lips.
597 3922 658 3976 sqq.
669 3921 733 3957 cou-
775 3903 919 3975 adpositas.
946 3904 1303 3970 sicstromhdttettflaeb

195 3975 354 4033 numedd.
367 3974 431 4027 Ber.
445 3990 505 4042 sqq.
774 3971 969 4028 Herrmaunns.
998 3973 1128 4031 Namsub
1141 3977 1249 4034 initium
1260 3979 1302 4033 bn·

229 4045 381 4111 suffugium
392 4041 425 4094 in
438 4051 557 4108 tempus.
594 4038 627 4093 Η.
635 4058 659 4092 ε.
672 4058 731 4093 non
744 4107 756 4114 „
772 4041 814 4094 ins
826 4060 857 4095 ca
878 4078 886 4092 .
899 4058 988 4095 senno
1001 4055 1041 4097 est
1053 4044 1087 4099 de
1105 4045 1242 4114 disposito
1256 4049 1304 4102 mi·

196 4113 370 4174 diuturnum,
393 4111 441 4165 sed
462 4109 582 4162 interim.
616 4106 652 4163 cf.
669 4118 729 4160 not.
771 4110 828 4162 lite.
889 4109 1008 4181 upertius
1022 4117 1167 4167 custodem
1186 4116 1250 4172 facit
1267 4134 1303 4170 uu

195 4181 230 4234 ad
245 4183 269 4239 1,
283 4183 308 4235 1.
322 4180 372 4236 snb
385 4198 411 4234 v.
424 4181 465 4233 od
476 4177 584 4246 tempus
601 4187 628 4230 et
643 4176 669 4238 6,
684 4179 727 4231 11.
767 4179 854 4244 ps'lote
867 4180 963 4234 cdtier.
998 4178 1095 4246 Recte,
1112 4192 1142 4242 ut
1154 4183 1222 4238 mibi
1234 4184 1301 4243 vide·
