2792 4642
172 164 249 238 896
579 151 882 248 ANNALIU‘M
1099 155 1235 256 2:¹33}

43 357 122 404 ..aaa
170 339 315 401 omnem
329 317 515 411 pecuniam
531 316 731 388 mercandis
744 316 841 407 agris
862 316 1106 409 condiderant.
1146 319 1295 411 copiam
1390 305 1391 374 Ῡ

38 468 95 537 w
140 421 349 505 cyendendi
362 434 481 492 secuta
492 420 646 503 vilitate,
671 433 804 511 quanto
820 420 900 513 quis
913 420 1123 512 obaeratior,
1145 423 1293 512 aegrius
1390 491 1391 494 ,

169 518 429 607 distrahebant,
460 521 635 614 multique
654 520 809 591 fortunis
833 523 1151 613 provolvebantur:
1184 548 1293 594 ever-

170 626 223 696 sio
251 625 305 695 rei
334 624 521 696 familiaris
543 622 751 712 dignitatem
771 647 813 710 ac
830 624 963 694 famam
981 647 1148 716 praeceps
1168 626 1292 721 dabat,

168 728 282 798 donec
307 727 392 806 tulit
416 749 520 818 opem
545 723 674 795 Caesar
698 724 869 816 disposito
897 749 961 816 per
988 749 1127 795 mensas
1150 728 1290 796 millies

168 829 327 900 sestertio
341 829 502 921 factaque
516 827 707 897 mutuandi
727 826 826 919 copia
849 827 927 896 sine
944 823 1064 897 usuris
1085 853 1150 921 per
1171 830 1290 900 trien-
1390 817 1391 884 3

168 931 290 1017 nium,
321 931 353 1000 si
377 931 519 1002 debitor
544 929 677 1022 populo
705 929 748 996 in
770 928 920 1020 duplum
947 930 1106 1021 praediis·
1126 931 1288 1005 cavisset.

86 1051 90 1060 ’
169 1032 230 1106 sic
248 1034 376 1106 reiecta
396 1031 499 1116 fides,
531 1045 566 1101 et
583 1030 755 1121 paulatim
774 1031 906 1123 privati
925 1056 1067 1126 quoque
1092 1033 1289 1106 creditores

169 1135 312 1229 reperti.
363 1158 479 1227 neque
496 1123 625 1224 emptio
642 1154 810 1221 agrorum
824 1135 970 1203 exercita
991 1136 1037 1203 ad
1055 1135 1208 1204 formam
1229 1159 1290 1205 se·

168 1250 275 1308 natus
296 1236 466 1321 consulti,
499 1235 656 1320 acribus,
687 1247 729 1306 ut
752 1236 862 1306 ferme
884 1236 986 1321 talia,
1016 1235 1148 1336 initiis,
1179 1237 1290 1308 incu-
1345 1293 1348 1304 ,

168 1338 266 1428 rioso
287 1337 368 1411 tine.
487 1339 497 1350 ²
1077 1353 1082 1367 ¹

171 1539 174 1544 ‚
268 1451 407 1527 XVIII.
455 1449 551 1523 Dein
583 1455 744 1524 redeunt·
766 1453 905 1546 priores
934 1468 1065 1538 metus,
1105 1454 1288 1545 postulato

166 1557 357 1628 maiestatis
370 1552 542 1626 Considio
553 1553 725 1642 Proculo,
750 1556 930 1649 qui‘iiullo
950 1579 1081 1647 pavore
1102 1557 1197 1625 diem
1217 1582 1303 1627 na-·

81 1709 85 1726 .
168 1661 275 1734 talem
300 1658 482 1727 celebrans
506 1672 629 1749 raptus
648 1658 688 1728 in
711 1657 845 1727 curiam
865 1657 1065 1750 pariterque
1095 1650 1288 1744 damnatus

165 1762 451 1853 interfectusque.
509 1774 545 1832 et
565 1761 680 1828 sorori
700 1755 776 1829 eius
795 1758 949 1850 Sanciae·
967 1783 1059 1852 aqua
1082 1774 1188 1854 atque
1207 1761 1288 1850 igni

166 1859 397 1934 interdictum
425 1877 609 1937 accusante
636 1859 682 1949 Q.
704 1859 929 1953 Pomponio..
958 1901 964 1918 -ι
980 1857 1012 1929 is
1037 1863 1198 1932 moribus
1224 1864 1287 1932 in-

167 1966 268 2061 quies
281 1959 368 2035 haec
383 1977 417 2033 et
429 1959 677 2034 huiuscemodi
694 1963 930 2036 asefactitari
946 1966 1215 2054 praetendebat,
1242 1980 1287 2037 ut

85 2121 89 2140 .
166 2082 268 2162 parta
285 2068 381 2162 apud
395 2066 593 2159 principem
610 2065 723 2154 gratia
743 2065 910 2156 periculis
920 2062 1112 2156 Pomponii
1127 2066 1288 2138 Secundi

166 2171 287 2242 framis
306 2170 516 2241 mederetur.
573 2163 694 2235 Etiam
715 2166 754 2234 in
776 2164 982 2258 Pompeiam
1001 2165 1202 2238 Macrinam
1222 2194 1284 2238 ex-

166 2272 289 2343 silium
316 2269 496 2353 statuitur,
537 2269 637 2337 cuius
665 2269 834 2346 maritum
859 2265 1085 2359 Argolicum,
1120 2294 1282 2358 socerum

164 2372 345 2445 Laconem
376 2395 395 2439 e
425 2370 643 2462 primoribus
670 2365 896 2440 Achaeorum
927 2367 1054 2441 Caesar
1085 2373 1282 2448 adflixerat.

166 2489 268 2568 pater
285 2497 427 2568 quoque
448 2473 607 2543 inlustris
628 2496 734 2565 eques
746 2470 934 2550 Romanus
955 2497 994 2541 ac
1014 2475 1123 2544 frater
1140 2490 1283 2568 praeto-
1338 2492 1345 2508 '

59 2627 61 2632 κ
165 2578 259 2663 rius,
291 2600 372 2646 cum
396 2576 577 2668 damnatio
598 2573 761 2664 instaret,
798 2575 925 2665 seipsi
949 2575 1165 2650 interfeceie.
1217 2578 1283 2646 da-

167 2692 246 2750 tum
285 2693 361 2749 erat
396 2677 558 2761 crimini,
606 2677 704 2768 quod
735 2671 992 2767 Theophanem
1022 2676 1282 2772 Mytilenaeum

160 2806 341 2880 proavum
366 2804 489 2849 eorum
513 2775 580 2852 Cn.
605 2776 760 2868 Magnus
791 2778 885 2848 inter
914 2779 1061 2849 intimos
1090 2776 1281 2870 habuisset,

71 3071 73 3078 ’
159 3059 263 3128 ssnus,
285 3058 377 3109 villae.
425 3055 497 3108 Hinc
517 3054 629 3110 Sueton.
649 3054 703 3110 lut.
745 3058 838 3109 dibus.
879 3049 1035 3128 Perperam.
1078 3056 1148 3110 Nam
1166 3057 1225 3131 quis
1250 3062 1281 3113 in
1390 3085 1391 3118 1

167 3147 195 3181 c.
213 3127 258 3180 27.
278 3128 437 3193 gratuitum
449 3124 539 3192 senus
563 3135 604 3177 est
622 3138 704 3196 caput
744 3128 862 3193 duplum
872 3128 1026 3191 praedibus
1039 3129 1167 3181 cavebat?
1198 3175 1199 3178 ,

167 3194 257 3267 ipsum
269 3195 327 3249 sine
339 3193 428 3249 usuris
442 3204 538 3245 monio
549 3193 653 3246 datum.
779 3193 847 3247 Car.
864 3194 904 3248 18.
931 3195 1079 3263 Pomponii
1086 3199 1217 3268 Secundi.
1240 3199 1280 3254 cl.

204 3268 399 3317 condiderant.
423 3262 467 3316 So.
476 3263 504 3315 in
514 3281 582 3324 arca,
596 3273 625 3313 ut
638 3282 703 3315 con·
746 3264 770 3327 5,
783 3264 809 3316 8.

166 3334 341 3389 enatantibus
370 3329 592 3402 precantibusque
618 3349 704 3401 pecu·
778 3342 872 3398 poter.
920 3334 956 3387 cf.
979 3333 1093 3388 Sueton.
1113 3335 1163 3390 lut.
1191 3356 1214 3392 c.
1236 3337 1279 3394 56'.

165 3401 304 3458 ‘triasdene
323 3413 409 3462 arent,
426 3399 477 3466 ipsi
489 3399 632 3452 occasione
644 3401 705 3453 data
748 3400 832 3455 Ov'id.
847 3402 944 3456 Amor.
962 3404 1043 3467 218.

167 3481 198 3524 ,et
214 3420 363 3524 secundum
384 3470 413 3522 S.
435 3467 466 3523 C.
487 3468 614 3538 empturi.
658 3469 706 3524 stc
772 3470 879 3539 stater.
915 3473 952 3527 cs.
968 3475 991 3535 1,
1001 3474 1044 3526 72.

168 3539 317 3604 creditores
331 3538 535 3608 reperiebantur
547 3537 625 3589 nulli.
702 3589 706 3600 ,
781 3539 989 3608 Mytilenaeum.
1035 3542 1082 3595 sic
1094 3543 1211 3598 nummi.
1245 3544 1281 3599 ci.

203 3609 318 3675 aegrius
337 3608 540 3659 distrahebant.
558 3653 560 3660 ,
577 3605 609 3658 Η.
623 3625 651 3668 e.
671 3626 704 3660 eo
722 3607 727 3615 “
747 3608 868 3661 Ducier.
882 3611 913 3663 ad
927 3607 1049 3681 Thucyd.
1062 3611 1087 3674 3,
1101 3612 1125 3663 5.
1152 3612 1232 3667 Voss.
1247 3616 1280 3667 ad

169 3676 312 3732 molestior
326 3675 390 3745 ipsis
403 3684 459 3727 erat
471 3674 600 3727 venditio.
628 3676 706 3748 *Nam
748 3676 850 3730 Melam
869 3681 895 3742 2,
908 3680 933 3732 7.
968 3678 1147 3751 Oudendorp.
1163 3683 1196 3735 ad
1212 3683 1280 3737 Sue·

169 3765 249 3817 aegre
259 3745 387 3802 iacimus,
404 3742 567 3812 quodinviti
577 3754 602 3796 et
612 3741 705 3816 aperto
747 3757 805 3799 ton.
823 3746 874 3798 lul.
892 3748 918 3800 2.
956 3748 1046 3820 Vulgo
1067 3750 1278 3819 Mitylenaeum.

97 3846 99 3848 ·
172 3817 273 3868 damno
288 3823 382 3865 nostro
396 3811 519 3865 iacimus.
751 3813 813 3866 Vid.
830 3817 1086 3881 etnot.ad14,58.

203 3899 340 3950 praeceps
352 3884 447 3933 dotat
481 3878 516 3933 cf.
530 3881 555 3944 4,
568 3880 611 3933 62.
623 3900 706 3949 prae·
782 3884 833 3937 Cn.
852 3883 972 3949 Magnus
987 3889 1071 3948 ‚inter
1096 3889 1209 3941 intimos
1227 3891 1279 3942 ha-

172 3969 237 4018 ceps
250 3953 347 4006 trahit.
748 3954 859 4007 suaset.
912 3953 950 4010 cf.
974 3953 1072 4010 Strabo
1097 3956 1144 4020 13,
1174 3976 1201 4028 p.
1220 3958 1279 4013 617.

159 4031 169 4044 ‘
205 4020 268 4071 cue
324 4019 504 4073 em'Caesar.
548 4017 623 4073 Suet.
642 4020 706 4074 Tib.
750 4021 806 4076 Cic.
837 4040 868 4073 ro
883 4021 980 4076 Archia
996 4043 1020 4077 c.
1030 4022 1072 4089 10.
1107 4025 1280 4081 EStrabonis

164 4103 199 4143 c.
214 4088 257 4140 48.
321 4087 348 4141 io
367 4089 409 4146 58,
422 4089 467 4141 21.
749 4093 812 4144 loco
851 4091 945 4162 yclrius
964 4102 990 4145 et
1005 4093 1203 4159 Freinshemius
1219 4096 1278 4149 col·

204 4158 336 4224 praedm.
360 4157 476 4231 Picbeus
485 4153 707 4228 malebatzprac·
749 4160 851 4232 ligant,
876 4177 927 4233 pro
947 4173 1089 4230 proavum
1108 4164 1279 4219 scribendum
