2792 4642
517 103 934 280 mantuanae.
1119 174 1132 261 j
1199 120 1296 243 aas

163 320 440 415 scd'conditoris
452 299 592 393 Seleuci
607 322 775 396 retinens.
794 381 803 390 ,
826 324 981 410 ῑτικεηῐὶι
993 323 1121 417 opibus
1140 339 1201 406 ant
1219 349 1276 395 sa-

168 424 304 515 pientia
325 424 452 494 delecti
470 437 511 494 ut
528 439 699 499 senatusz.
719 448 782 496 sua
801 450 847 518 po
874 425 934 496 ulo
956 427 1026 495 vis:
1057 441 1093 497 et
1110 429 1274 521 quotiens

94 548 98 562 ·
168 525 361 614 concordes
384 539 520 615 agunt,
557 525 737 618 spernitur
765 450 935 598 Partbus:
969 527 1039 602 ¹ubi
1070 529 1274 614 dissensere,

167 627 254 696 dum
270 627 339 695 sibi
352 627 501 721 quisque
514 641 636 697 contra
650 627 807 697 aemulos
822 627 1021 699 subsidium
1040 645 1187 718 vocant,
1214 656 1273 701 ac-

167 729 312 799 citus'in
327 743 462 821 partem
474 729 661 822 adversum
675 753 800 799 omnes
818 730 973 803 valescit.
1022 724 1069 799 Id‘
1084 756 1198 823 nuper
1215 758 1274 802 ac-

163 823 301 901 ciderat
314 827 496 902 Artabano
511 833 699 921 regnante,¹
725 831 788 925 qui
801 830 943 924 plebem
962 831 1184 930 primoribus
1200 847 1274 904 tro-

165 932 260 1001 didit
282 930 323 1000 'er
346 955 409 1003 suo
428 956 507 1005 usu.
557 957 641 1001 nam
660 933 786 1026 populi
805 933 994 1025 imperium
1014 934 1110 1004 iuxta
1126 935 1275 1006 liberta-

146 1049 256 1119 tem,
292 1058 487 1127 paucorum
508 1034 704 1116 dominatio
726 1031 842 1125 regia'e
867 1033 1013 1106 libidini
1033 1037 1183 1128 propior
1211 1050 1273 1109 esc

168 1131 266 1206 Tum
289 1136 538 1207 adventantem
558 1133 756 1220 Tiridatem
779 1136 953 1208 extollunt
972 1151 1132 1207 veterum
1150 1161 1273 1228 regum

138 1305 141 1306 a
166 1230 365 1308 honoribus
393 1252 428 1307 et
446 1260 542 1331 -quos
562 1261 685 1324 recens
705 1251 799 1324 aetas
819 1238 952 1329 largius
974 1239 1128 1326 invenit:
1168 1240 1273 1310 simul

166 1330 297 1434 probra
314 1340 357 1444 in
366 1332 589 1410 Artabanum
601 1340 817 1426 fundebant,
841 1351 1001 1411 materna
1016 1339 1152 1432 origine
1164 1335 1274 1410 Arsa-

167 1439 299 1526 cidem,
329 1454 442 1512 cetera
459 1442 683 1534 [degenerem.
737 1440 917 1512 Tiridates
936 1465 1012 1512 rem
1030 1440 1274 1516 Seleucensem

167 1535 300 1636 populo
313 1543 496 1635 permittit.
527 1567 610 1612 mox
623 1544 843 1629 consultans,
861 1568 1018 1638 quonam
1031 1544 1088 1613 die
1102 1531 1274 1615 solemnia

168 1645 271 1735 regni
284 1659 496 1738 capesseret,
519 1645 654 1715 litteras
665 1639 829 1731 Phraatis
844 1660 878 1716 et
889 1642 1076 1731 Hieronis,
1100 1647 1163 1740 qui
1183 1648 1274 1715 vali·
1316 1661 1320 1672 ’

62 1797 63 1800 ,
166 1746 328 1840 dissimas
341 1738 575 1839 praefecturas
588 1745 815 1832 obtinebant,
840 1746 967 1839 accipit
978 1748 1121 1819 brevem
1136 1771 1274 1819 moram

166 1849 398 1941 precantium.
449 1848 685 1941 placitumque
709 1850 865 1941 opperiri
885 1849 983 1918 viros
1006 1849 1273 1942 praepollentis:

168 1964 273 2046 atque
291 1950 435 2021 interim
454 1943 648 2044 Ctesiphon
669 1950 768 2020 sedes
788 1949 931 2046 imperii
954 1952 1074 2044 petita.
1107 1952 1186 2023 ¹sed
1209 1953 1275 2024 ubi

157 2169 305 2223 'cesserunt'
314 2164 348 2221 ab
359 2164 486 2219 institutis
497 2163 660 2230 conditoris,
671 2175 702 2220 ut
741 2176 848 2292 putant.
889 2163 1052 2223 Concedunt
1068 2137 1201 2247 materna·
1212 2162 1274 2246 qni-

166 2237 201 2290 ad
229 2235 342 2298 modum
369 2233 558 2288 circumiectae
583 2256 598 2289 r
632 2237 700 2288 ionis
762 2256 805 2290 em
816 2236 1108 2308 origineArsacidem,
1125 2244 1275 2303 nort-agitur

166 2306 345 2376 harbarorum
363 2322 443 2356 more
456 2313 574 2373 agerent.
598 2255 701 2358 e[diess-
742 2306 889 2377 murinum
901 2315 926 2360 et
938 2323 1039 2376 purum
1048 2302 1212 2361 Arsacidem,
1222 2304 1274 2356 Ar·

166 2372 265 2444 lingius
293 2374 445 2424 barbarum
471 2390 522 2442 pro
546 2372 699 2427 masculino
722 2374 859 2428 ¹sacidem
879 2375 984 2439 tarnem
1006 2382 1096 2427 cetera
1108 2389 1176 2425 vero
1191 2370 1274 2443 dege-

166 2442 262 2500 hahet,
282 2439 331 2494 τὸν
343 2435 500 2513 βάρβαρον,
519 2440 594 2511 qnod
605 2439 699 2494 durius
740 2461 848 2506 nerem,
880 2452 925 2505 ut,
954 2442 976 2493 si
995 2441 1036 2495 olr
1050 2439 1184 2509 originem
1206 2437 1274 2494 ferri

166 2510 309 2566 dictumvi
330 2522 397 2562 etur.
522 2537 524 2539 v
687 2565 691 2570 ,
739 2510 1022 2581 possit,intole'rabilis
1033 2509 1076 2568 sit,
1087 2506 1151 2577 quia
1163 2507 1274 2580 degene-
1341 2562 1346 2586 Ι

198 2577 489 2647 sperniturParthus:
505 2572 554 2630 uti
564 2585 617 2631 etc.
651 2574 700 2633 Sic
740 2581 842 2635 raverit
852 2580 984 2633 moribus.
1018 2576 1126 2631 Tertio:
1144 2576 1206 2647 quia
1219 2597 1274 2630 ma·

165 2647 229 2703 edd.
247 2646 368 2700 Rhenan.
388 2664 447 2718 sqq.
485 2645 554 2699 Edd.
572 2645 699 2704 Beroald.
739 2657 795 2701 tres
806 2648 877 2722 apud
888 2647 1002 2701 Parthos
1014 2664 1103 2716 nsque
1115 2646 1211 2698 darent
1223 2666 1273 2699 ne-

145 2747 147 2751 »
165 2717 227 2772 Alc.
239 2725 426 2784 spernuntur:
441 2714 573 2778 Parthum
586 2717 635 2784 νὺξ
645 2725 697 2772 etc.
741 2735 794 2787 que
814 2717 955 2772 auferrent
969 2714 1152 2778 nobilitatem,
1174 2725 1210 2774 ut,
1223 2733 1275 2784 pa·‚

150 2821 152 2824 .
198 2785 283 2838 mata
307 2786 476 2842 libertatem.
527 2783 574 2837 Sic
602 2783 696 2839 Germ.
739 2794 793 2840 teat
812 2786 840 2839 in
853 2784 988 2856 Vologese
1006 2802 1037 2836 ex
1055 2781 1150 2855 pellice
1170 2781 1274 2837 Graeca

155 2871 191 2909 .c.
207 2855 250 2908 80.
267 2854 399 2906 velocitas
413 2855 500 2905 iuxta
501 2852 701 2923 swmt'dt'rtoma
739 2864 804 2908 nato
820 2855 861 2915 12.
873 2853 919 2909 44.
955 2851 1132 2923 Respondes,
1148 2847 1274 2921 pellicem

166 2924 202 2979 cs.
214 2933 272 2977 not.
284 2921 318 2975 ad
330 2920 398 2975 ilict.
411 2921 493 2983 mo.
532 2962 536 2970 ‚,
740 2920 872 2976 Graecam
886 2941 944 2978 non
954 2941 1012 2978 esse
1031 2938 1122 2990 parem
1142 2917 1240 2989 virgini
1258 2939 1274 2973 e

196 2991 314 3059 propior
329 2999 381 3043 est.
415 2989 465 3044 Ed.
484 2988 610 3044 Oberlin.
630 3008 697 3074 ope·
739 2993 821 3062 stirpe
833 2990 1027 3045 Arsacidarum«
1037 2998 1116 3043 natae
1131 2997 1156 3041 et
1171 2989 1200 3041 in
1213 2989 1298 3043 nra-³

70 3071 73 3104 ὲ
161 3077 260 3112 rarum
283 3058 359 3128 lapsu
381 3059 464 3125 prior
491 3072 543 3128 pro
570 3076 696 3124 proptor.
738 3059 898 3114 trimonium
913 3056 1107 3130 principis‘viri
1120 3057 1273 3113 collocatae.

164 3128 339 3199 Repetierunt
353 3125 425 3179 idern
442 3124 540 3181 vitium
552 3124 696 3180 Weilrert.
739 3129 901 3199 cambysem
908 3125 1147 3198 nonpuduitCyri.
1159 3125 1274 3248 &aanor

164 3194 424 3252 Nandet.Weisius.
442 3195 478 3248 cf.
490 3205 549 3249 not.
561 3197 594 3248 ad
608 3195 681 3249 037.
739 3199 904 3267 quia‘nemo
925 3196 997 3267 apud
1012 3194 1126 3249 Parthos
1145 3215 1160 3253 a
1181 3216 1273 3249 sume·

197 3273 332 3317 materna
346 3265 464 3328 origne.
499 3263 699 3317 Freinshemius
740 3272 815 3318 retur
829 3265 857 3317 in
871 3284 901 3317 re
939 3283 1001 3328 um,
1025 3266 1052 3316 ni
1067 3263 1208 3320 Arsacides
1225 3286 1274 3348 per

166 3332 319 3390 etPicbena
333 3341 467 3385 rnaterna
481 3333 696 3397 mutantinpa·
758 3346 840 3387 atram
856 3284 938 3397 (3,ξὲ
977 3332 1153 3403 Respondes,
1178 3353 1208 3388 ex
1225 3333 1272 3388 nto

165 3413 257 3457 term.
313 3401 439 3454 Rationes
473 3410 580 3471 ponunt
617 3402 701 3455 taless
738 3355 755 3456 l

164 3472 270 3545 primo,
295 3469 400 3541 quisi,
417 3468 443 3521 9³
462 3471 695 3534 Arsacidarum-e
737 3473 855 3525 Arsacis
873 3490 930 3524 non
948 3471 1064 3524 excludit
1079 3482 1189 3542 nepotes
1204 3472 1272 3525 otia-

159 3544 301 3608 wtgm'ne
317 3539 468 3591 Artabanus
489 3537 598 3593 dicitur.
639 3539 692 3591 Er·
735 3543 786 3594 bus
815 3540 900 3595 nobili
928 3538 1100 3610 matrimonio
1134 3538 1272 3594 oriundos.
1319 3557 1324 3566 ⁴

164 3609 265 3664 uestius
275 3609 345 3661 bene
356 3607 502 3677 respondet
513 3607 697 3662 etiamefilia·
740 3605 868 3662 Ceterum
892 3608 943 3663 alia
969 3609 1049 3664 etiam
1075 3605 1272 3674 sunt-indicia,

163 3681 215 3733 bus
232 3687 355 3745 posteros
374 3674 510 3746 sanguinis
529 3678 618 3727 nostri
631 3695 697 3730 esse.
739 3679 907 3734 Artabanum
927 3673 1047 3732 materna
1057 3677 1168 3746 *origine
1190 3673 1271 3732 fuisse

162 3748 219 3801 Pro
236 3744 396 3799 testimonio>
410 3744 481 3797 addo
500 3743 592 3815 locum
612 3743 637 3807 4,
654 3746 696 3798 52.
740 3748 906 3802 Arsacidem.
941 3746 1011 3800 Nam
1024 3746 1050 3805 2,
1061 3746 1087 3800 3.
1100 3746 1155 3815 ipse
1172 3745 1271 3801 dicitur

164 3818 314 3881 imaginem
330 3831 427 3865 veram
438 3813 699 3881 coetestivsanguine
740 3819 817 3883 apud
824 3815 926 3868 Dahas
935 3815 1059 3868 adultus.
1092 3814 1148 3866 lam
1164 3814 1211 3885 qui
1219 3833 1270 3887 po·

163 3892 268 3938 ortom.
309 3881 451 3937 Secundot
481 3881 546 3951 quia
562 3883 696 3952 oppositio
738 3884 792 3937 tuit
817 3884 888 3953 apud
909 3883 998 3937 Dahas
1015 3881 1190 3948 adolescere,
1219 3887 1272 3940 nisi

162 3971 222 4007 non
239 3951 303 4007 satis
321 3960 439 4010 constet,
462 3949 537 4021 quod
551 3948 632 4003 {uerit
645 3971 694 4021 per
735 3965 820 4006 matre
833 3952 948 4025 principi
959 3953 1020 4007 viro
1033 3949 1105 4020 apud
1112 3950 1204 4005 Dahas
1215 3974 1269 4007 ma·

162 4030 277 4077 matrem
289 4039 319 4072 ex
349 4029 410 4085 ente
423 4018 628 4083 Arsacidarum,
647 4020 693 4073 sed
735 4021 867 4076 trimonio
877 4021 986 4075 iuncta?
1011 4020 1269 4094 forroscsundum

161 4091 288 4159 degener.
332 4038 515 4160 iiespondeo,
545 4084 693 4160 oppositio·
736 4090 874 4151 locumfi,
892 4089 935 4142 36.
962 4087 1113 4143 Artabanus
1131 4089 1270 4159 Ityrcanis

162 4179 225 4220 nem
245 4158 289 4212 bic
307 4176 363 4214 non
384 4176 446 4220 esse,
458 4172 533 4221 eam,
555 4163 642 4228 quam.
655 4158 694 4214 illi
738 4158 969 4232 Corunwnir'squc
979 4175 1031 4228 per
1043 4157 1218 4230 &uincens
1231 4165 1270 4215 in·

956 4365 967 4420 ¹.
1053 4376 1063 4414 t

749 3422 803 3456 oco
816 3403 872 3458 hoc
882 3419 938 3455 non
950 3401 1089 3483 consequi.
1107 3401 1176 3454 Nam
1189 3422 1274 3469 gemes
1380 3459 1382 3467 ,
