2792 4642
160 235 230 298 m
434 234 439 243 ¹
540 176 942 295 emortum

106 342 110 349 Ι
163 373 323 470 Angelus
345 369 595 445 Arcimboldus
610 387 785 466 ·qtroestor
798 364 1051 465 vpontii‘reitrs‘e
1068 368 1185 449 Dinia
1208 401 1268 448 re-

61 506 69 519 .
147 482 266 551 ‘diens
293 478 339 548 in‘
358 476 571 547 monasterio
599 464 807 551 Corbeieusi
835 470 1061 567 Vestpbeiiae
1074 492 1268 570 treperturn
1330 504 1332 509 ·
1371 484 1378 503 ’

161 582 291 653 detulit
312 582 358 649 ad
378 578 533 649 Leonem
552 577 599 651 X.
620 574 823 671 pontificem
841 575 1062 659 Romnum:
1093 595 1216 672 postea
1232 585 1267 656 is

159 686 253 756 liber
266 682 363 752 venit
377 679 628 752 Florentiam.»
653 674 911 770 Complectitur
925 704 983 751 sex
997 680 1269 772 prioresAn'ua4

159 787 250 857 lium
268 785 381 856 libros
393 797 474 855 ante
487 795 664 874 repertum
680 782 784 853 illum
805 782 962 851 codicem
982 780 1180 874 incognitos
1197 812 1265 860 nec

159 889 235 960 ullo
251 885 358 958 MSto
380 885 452 954 alio
473 885 647 954 inventos.
677 880 872 976 'Numqui
891 884 983 953 liber
1000 881 1097 959 loon.
1114 880 1265 961 locundi

158 987 375 1060 Veronensis
400 989 446 1056 ab
472 983 724 1076 interpretibus
744 998 960 1055 memoratur
984 1010 1106 1057 reeens
1131 990 1267 1063 dani.

157 1105 240 1184 ptus
258 1103 311 1160 est
329 1089 482 1160 eeodice
497 1088 561 1157 illo
576 1085 737 1179 antiquo.
785 1084 973 1177 Perpetem
991 1088 1099 1178 ἰᾎςὶῑιιτ
1117 1092 1266 1183 faciunt,

158 1194 222 1289 qui
235 1193 275 1261 in
290 1189 647 1263 commentationibus
661 1184 706 1256 ad
722 1210 781 1257 sex
796 1187 931 1291 priores
938 1185 1135 1260 Annalium
1142 1195 1266 1269 zlihros

158 1296 283 1366 dicunt
302 1295 341 1362 in
361 1289 428 1363 bac
449 1292 508 1360 vel
530 1290 592 1359 illa
611 1288 784 1381 scriptura
809 1291 945 1360 codices
966 1291 1119 1364 bissus
1139 1321 1266 1371 omnes

158 1398 371 1490 conspirare.
421 1391 504 1466 Vid.
519 1388 689 1463 Ricklefs.
709 1386 866 1465 ad‘Ann.
879 1390 907 1478 Ι,
923 1394 982 1467 10.
1004 1390 1008 1401 '
1040 1390 1262 1491 Antiquissi.

155 1524 255 1570 muru
284 1496 440 1568 codicem
469 1489 668 1586 perbibent.
707 1494 750 1567 cf.
771 1488 960 1565 Taurellus
986 1495 1025 1564 iu
1048 1501 1194 1589 praefat.
1217 1508 1265 1576 ad

155 1599 351 1671 Pandectas
365 1598 420 1671 ed.
433 1594 530 1669 Flor.
544 1591 616 1669 An.
631 1589 742 1671 1553.
766 1635 818 1649 -
867 1593 1049 1668 Broterius
1065 1601 1104 1675 in
1115 1608 1264 1693 praefat,

157 1704 213 1775 ed.
229 1699 342 1771 Tacit.
368 1736 418 1753 -·
468 1696 643 1783 Pertzius,
665 1690 1030 1770 ItalieaischeReise
1047 1727 1081 1794 p.
1095 1700 1174 1791 45„
1198 1711 1263 1804 qui
1287 1774 1289 1783 .

156 1803 248 1873 vidit
271 1801 428 1872 codicem
447 1800 569 1871 multis
586 1799 673 1869 locis
691 1824 714 1881 a
735 1801 866 1869 recenti
885 1794 994 1872 manu
1015 1799 1176 1896 (fortasse
1190 1807 1263 1882 Be:
1372 1840 1375 1851 .

155 1903 273 1979 roaldi
296 1902 405 1996 primi
423 1900 585 1997 editoris)
608 1903 845 1975 emendatum.
896 1892 996 1973 Finis
1015 1918 1066 1975 est
1085 1906 1125 1977 iu
1143 1914 1263 1985 media

155 2007 308 2100 plagula,
321 2006 417 2075 unde
428 2004 574 2073 fortasse
587 2002 755 2073 coniicias
767 2004 900 2073 librum
911 2029 983 2076 esse
993 2007 1207 2101 descriptum
1218 2040 1261 2086 ex
1303 2034 1305 2037 ·
1380 2008 1382 2073 ἑ

155 2108 227 2179 aiio
242 2107 363 2177 codice
377 2129 486 2198 aeque
499 2105 626 2175 mutilo
642 2127 709 2173 neo
723 2105 904 2195 ampliore.
933 2150 977 2163 -
1031 2105 1260 2199 Monument,
1354 2124 1358 2135 ’
1381 2158 1382 2194 a

141 2208 375 2305 spPaderboru.
403 2231 439 2299 p.
461 2204 523 2279 69.
546 2203 608 2278 79.
648 2244 700 2259 -
757 2205 1012 2282 Montefaleon.
1038 2211 1127 2304 bibl.
1143 2208 1259 2293 MSS,

149 2318 190 2403 p.
203 2308 292 2384 574.
322 2352 372 2368 -
421 2304 607 2379 Ernestius
626 2307 665 2377 in
686 2308 831 2401 praefat.
851 2310 906 2382 ed.
921 2308 1034 2384 Tacit.
1068 2352 1124 2379 -.
1169 2314 1261 2389 lude
1380 2310 1381 2369 3

152 2414 265 2483 libros
272 2405 489 2500 Annalium.
502 2409 565 2503 qui
578 2408 711 2509 ipsunt,
725 2408 860 2500 primus
875 2412 986 2483 edidit
992 2409 1180 2515 Philippus
1189 2418 1261 2507 Be.

108 2536 109 2540 ’
153 2515 312 2609 roaldus.
330 2537 388 2585 an.
410 2506 519 2585 1515.
555 2504 747 2581 Eundem
775 2512 908 2582 librum
932 2522 1050 2605 postea
1080 2542 1261 2594 excussere
1378 2544 1380 2611 t

153 2615 298 2687 Curtius
312 2609 468 2684 Pichena
483 2626 517 2690 et
532 2610 680 2683 lacobus
695 2610 911 2687 Gronovius.
1016 2670 1020 2675 .
1311 2618 1313 2622 ’
1379 2618 1380 2643 ἦ

254 2712 359 2787 Alius
373 2715 480 2785 codex
493 2712 722 2786 florentinus
735 2714 862 2786 litteris
874 2715 1150 2806 Langobardicis
1172 2727 1260 2795 scri-

154 2833 236 2911 ptus
257 2818 416 2888 continet
438 2831 570 2887 eeteros
591 2812 788 2895 Annalium
811 2815 952 2901 libros,'
977 2821 1039 2912 qui
1052 2820 1259 2915 supersunt,

152 2921 238 2990 inde
250 2920 296 2988 ab
308 2918 495 2988 undecimo
509 2933 543 2989 et
549 2916 789 2989 Historiarum
803 2932 968 3011 quattuor
980 2920 1091 2997 libros
1103 2924 1258 3031 integros¹
1378 2936 1379 2975 i

153 3044 234 3117 cum
256 3022 452 3109 fragmento
472 3019 557 3089 libri
580 3020 708 3121 quinti.
760 3018 1063 3113 subscriptionem
1090 3022 1195 3100 habet
1218 3030 1256 3100 in

153 3124 247 3192 calce
270 3116 379 3190 banc:
413 3114 501 3213 Ego
524 3115 732 3190 Sallustius
755 3118 830 3214 legi
851 3130 882 3191 el
907 3121 1096 3197 innodavi
1113 3124 1257 3202 Romae
1376 3202 1377 3207 ,

144 3215 422 3324 selix'Olibrio
435 3230 467 3291 rt
482 3215 645 3291 Probino
668 3246 755 3292 coss
781 3222 821 3291 ia
839 3223 932 3322 soro
947 3221 1089 3301 Martis
1112 3216 1255 3304 coairo-¹

154 3322 292 3394 aarsias
316 3319 528 3394 declamans
550 3322 691 3394 oratori
703 3319 940 3397 Eodelechio.
989 3324 1140 3402 Rursus
1156 3329 1265 3406 Coa-x

150 3421 399 3521 stantiaopoli
416 3423 605 3518 recognovi
621 3418 801 3496 Caesario
823 3436 855 3497 et
871 3423 991 3500 Attico
1014 3455 1102 3503 coss.
1154 3436 1255 3525 Quae

150 3526 363 3619 subscriptio
378 3523 571 3598 Pichenam
588 3530 787 3620 deceperat,
816 3543 857 3600 ut
876 3555 934 3604 an.
953 3558 988 3624 p.
1002 3531 1088 3609 Chr,
1104 3534 1190 3613 395,
1210 3540 1257 3607 li.

152 3632 259 3702 brum
272 3628 441 3721 scriptum
456 3629 639 3703 iudicaret.
689 3626 739 3700 At
750 3631 858 3702 verba
880 3632 941 3701 illa
963 3637 1151 3708 oscitanter
1170 3665 1190 3709 a
1210 3642 1256 3710 li-

152 3731 272 3803 brario
289 3733 443 3825 quodam
458 3732 604 3821 repetita
619 3756 660 3801 ex
676 3728 875 3826 antiquiore
890 3736 1008 3805 codice
1025 3741 1153 3810 rectius
1172 3767 1255 3813 cen·
1373 3738 1375 3782 t

149 3835 224 3931 suit
235 3829 395 3928 Ry'ckius
408 3835 452 3902 ad
467 3831 559 3906 Hist.
576 3830 602 3917 Ι,
615 3834 647 3904 1.
698 3832 790 3903 Nam
803 3837 975 3929 scriptura
988 3837 1255 3931 Langobardica
1287 3920 1289 3923 ,

148 3936 325 4029 posterius
338 3958 463 4004 aevum
475 3936 607 4024 arguit,
627 3947 667 4025 ut
680 3936 801 4004 saltem
813 3938 860 4005 ad
877 3941 1054 4009 saeculum
1068 3946 1255 4036 septimum

152 4037 210 4106 vel
225 4051 386 4108 octavum
403 4036 464 4104 iile
479 4037 571 4106 liber
584 4037 709 4107 referri
722 4040 855 4110 debeat.
907 4037 1013 4150 Hunc
1032 4071 1174 4139 quoque
1194 4071 1254 4115 co.
1373 4084 1374 4087 =

150 4136 266 4207 dicem
281 4139 505 4207 contulerunt
518 4134 672 4208 Pichena
687 4152 722 4208 et
739 4136 807 4225 Iac.
822 4139 1037 4220 Gronovius.
1088 4148 1158 4220 Sed
1172 4162 1252 4219 aute
