2792 4642
200 162 280 236 sos
538 101 961 238 „alsuanum
1034 266 1037 272 ι
1134 137 1290 259 aptet}

197 318 296 390 intm
309 313 450 396 Italiam
463 330 623 403 caretur,
655 317 823 388 omissam
839 317 949 405 olim,
975 307 1065 414 quia
1079 323 1222 413 privato
1246 329 1349 396 usui

196 422 339 492 bonum
350 420 536 516 publicum
548 420 787 513 postponitur.
839 419 933 491 Sane
951 437 1051 492 vetus
1066 426 1155 495 urbi
1174 428 1347 499 fenebre

196 523 336 593 malum
353 535 388 591 et
401 523 617 593 seditionum
633 521 961 617 discordiarumque
973 526 1189 598 creberrima
1203 554 1343 616 causa

195 648 312 718 eoque
335 615 567 696 cohibebatur
585 624 744 718 antiquis
767 627 914 719 quoquc
933 639 967 696 et
995 628 1115 699 minus
1142 634 1342 725 corruptis

195 727 372 798 moribus.
422 750 507 803 nam
534 727 652 818 primo
681 727 871 796 duodecim
895 728 1026 801 tabulis
1054 746 1237 820 sanctum,
1284 760 1339 806 ne

196 828 281 923 quis
294 826 455 899 unciario
468 830 592 899 fenore
606 829 760 920 amplius
775 842 969 916 exerceret,
989 855 1073 902 cum
1086 849 1187 910 antea
1208 861 1259 910 ex
1283 839 1337 905 li-

196 931 322 1003 bidine
342 931 574 1024 locupletium
591 931 801 1022 agitaretur:
826 932 911 1002 dein
926 933 1112 1024 rogatione
1123 920 1333 1010 tribunicia

135 1260 145 1275 ,
195 1209 301 1254 certam
312 1195 443 1271 pecuniae
456 1207 560 1270 partem
580 1205 684 1250 tantum
703 1196 733 1250 in
776 1159 985 1268 inscripsisse,
1015 1189 1065 1253 nisi
1084 1200 1157 1254 illam
1175 1175 1269 1274 legem
1293 1205 1327 1261 ad

193 1265 295 1352 fenore
311 1286 414 1347 ponere
432 1266 570 1348 permisit,
600 1267 732 1346 reliquam
777 1267 920 1350 duodecim
934 1268 1038 1322 tabulas
1050 1268 1186 1340 pertinere
1199 1291 1327 1346 conspe·

194 1356 327 1462 boelbrciii
343 1336 611 1487 iiiiiit,pipireriiiiiiliia
624 1337 733 1474 {ibiibci’
773 1345 932 1459 ''sibilionb
948 1395 1076 1475 senore'
1110 1406 1200 1461 Mirus
1220 1417 1267 1463 eal
1287 1411 1324 1466 de

89 1473 92 1488 '
193 1476 303 1531 s'ionum
317 1473 392 1528 bellis
407 1474 528 1527 civilibus
543 1493 623 1526 ninns
638 1472 731 1525 immi·
775 1474 870 1527 fenore
888 1476 1009 1530 unciario
1025 1476 1164 1530 'discemus
1181 1478 1260 1530 inter
1281 1482 1324 1536 vi-

193 1553 261 1598 nuta
287 1552 459 1614 augerentur.
509 1542 605 1595 Talem
625 1541 735 1623 ‘quippo
775 1562 822 1595 ros
854 1543 961 1598 doctos.
1017 1545 1132 1597 Plurimi
1161 1546 1322 1628 intelligunt

97 1641 99 1646 ¹
190 1612 259 1695 legis
282 1631 392 1665 censum
414 1611 496 1665 fuisse
520 1611 666 1683 probabilis
693 1619 733 1662 est
776 1629 862 1664 rmum
878 1630 977 1666 assem
991 1631 1046 1680 pro
1065 1615 1190 1666 centenis
1209 1632 1239 1666 cn
1260 1635 1321 1670 an-

36 2747 88 2808 ·‚
186 2719 222 2772 er

190 1699 312 1734 cnorum
323 1681 468 1733 doctorum
479 1680 644 1735 coniectura.
663 1677 733 1730 Nam
775 1696 853 1733 nom.
890 1680 979 1735 Uncia
998 1682 1070 1734 enim
1091 1692 1131 1734 est
1151 1682 1320 1741 duodecima

192 1751 365 1805 uberioribus
373 1750 463 1803 verbis
474 1768 554 1803 nenio
567 1748 619 1802 scri
640 1757 733 1799 torum
791 1765 838 1801 ‘ars
855 1751 932 1803 assis.
967 1750 1038 1803 llinc
1056 1750 1200 1804 duodecim
1218 1754 1319 1811 uncias

192 1820 367 1889 antiquorum
403 1819 492 1872 lucent
526 1818 564 1871 rei
596 1767 731 1870 acllundit.
775 1767 878 1885 ifenus
898 1820 1056 1872 coriarium
1076 1829 1245 1872 menstruum
1265 1827 1317 1893 est)

191 1887 247 1942 Dio
265 1887 307 1950 58,
318 1889 361 1941 21.
379 1886 444 1940 dicit
464 1886 528 1947 τοὺς
547 1881 652 1958 νόμους
669 1886 735 1954 περὶ
775 1905 824 1972 per
844 1907 945 1941 annum
966 1887 1066 1941 solutas
1086 1887 1180 1941 dicunt
1203 1888 1317 1946 cilices-e

190 1958 250 2012 uir
265 1958 445 2029 συμβολαίων
459 1953 515 2012 ὑπὸ
526 1958 575 2010 τοῦ
590 1960 732 2024 Καίσαρος
773 1956 817 2020 rd,
841 1956 915 2027 quod
934 1958 1011 2010 nobie
1031 1955 1130 2010 dicitur
1150 1960 1164 2012 1
1174 1975 1228 2023 pro
1245 1963 1317 2016 Ceret

190 2032 332 2088 τεθέντας.
374 2027 528 2081 Adversum
548 2026 621 2079 illam
643 2027 730 2094 legem
773 2044 877 2082 annuae
903 2044 1008 2079 usurae.
1053 2024 1155 2094 Sedjn
1178 2030 1314 2083 vocabulo

190 2097 275 2168 igitur
295 2095 422 2168 pecunias
442 2094 537 2148 fenore
558 2092 732 2156 auctitabant,
773 2094 1015 2158 unciariijenons
1040 2092 1146 2147 nullum
1164 2097 1313 2167 vestigium

170 2167 357 2238 xqrsinmnem
367 2183 444 2217 suam
452 2163 605 2235 pecuniam,
615 2171 661 2214 aut
671 2160 731 2229 plus
773 2163 920 2233 reperitur,
952 2182 1008 2232 quo
1024 2173 1154 2217 noscatur
1170 2163 1205 2216 de
1225 2167 1313 2237 capite

210 2235 272 2302 uam
290 2234 400 2295 licebat,
422 2234 451 2284 5¹¹
471 2233 565 2284 fenore
586 2239 729 2300 Ρθῦθΐθῐῐί·
774 2243 950 2287 centenorum
995 2230 1092 2284 assium
1136 2234 1311 2304 cogitandum

187 2255 257 2359 iton
271 2299 332 2355 edd.
346 2300 407 2353 Ber.
420 2301 484 2354 Alc,
495 2300 582 2352 Rben.
596 2298 658 2351 Ald.
670 2298 729 2349 Mi-
745 2296 751 2309 '
773 2320 844 2366 esse3
868 2300 896 2353 id
915 2300 1004 2354 solum
1023 2320 1054 2353 er
1073 2319 1105 2353 eo
1118 2311 1189 2372 patet
1200 2305 1309 2357 nnciam

188 2371 252 2442 cytt
261 2369 334 2440 lips.
348 2368 435 2439 prima
447 2368 545 2423 babent
557 2368 665 2426 omisso
677 2385 728 2436 pro
772 2372 836 2423 assis
857 2369 886 2423 in
907 2387 1028 2422 mensem
1047 2387 1099 2440 pro
1123 2388 1204 2423 usura
1225 2372 1308 2429 solvi.
1372 2399 1373 2424 ;

189 2442 343 2501 omissam,
367 2440 440 2509 quod
462 2436 549 2491 estin
570 2436 631 2490 edd.
654 2436 726 2506 lips.
771 2442 806 2492 At
824 2437 881 2491 boc
895 2457 952 2491 non
973 2436 1084 2499 sufficit,
1109 2447 1140 2490 ut
1157 2438 1224 2492 ratio
1243 2460 1309 2494 con·
1372 2427 1373 2478 i

209 2507 402 2574 celerioribus,
445 2507 520 2561 Picb.
553 2504 633 2558 Grut.
666 2523 727 2577 sqq.
764 2513 836 2569 ‘slet;
861 2506 1025 2559 desideratur
1044 2506 1132 2559 adbu'c
1152 2505 1306 2564 membrum

187 2528 357 2652 Quaeritur,
375 2575 440 2647 quid
459 2576 493 2629 sit
505 2577 532 2629 in
546 2575 608 2629 cod.
624 2573 686 2627 MS.
769 2577 899 2639 alterum,
926 2593 1032 2629 summa
1057 2575 1152 2639 sortis,
1177 2595 1228 2646 pro
1253 2598 1306 2649 qua

165 2661 168 2666 '
216 2650 483 2700 ‘uetus...mclum.
520 2640 727 2706 attineat,
771 2646 848 2698 uncia
863 2656 998 2697 menstrua
1012 2643 1146 2706 solvatur,
1163 2664 1214 2712 nec
1229 2650 1305 2717 quis·

225 2751 233 2770 .
789 2732 850 2766 uam
868 2712 1044 2784 antiquorum
1065 2714 1230 2784 scriptorum
1243 2734 1304 2787 pro·

222 2786 370 2840 duodecim
390 2784 505 2837 tabulis.
541 2781 683 2838 Albitius
698 2781 725 2849 7,
769 2732 853 2845 lidia,
870 2792 1000 2834 centenos
1018 2800 1089 2833 asses
1107 2801 1157 2852 pro
1176 2795 1246 2837 sorte
1261 2806 1303 2839 ac·

187 2857 230 2911 16.
249 2855 338 2909 Hand
349 2871 437 2921 oeque
448 2856 528 2904 loeta
538 2853 667 2915 patritus
681 2855 731 2903 in-
768 2849 907 2921 cipieodos
921 2867 978 2902 esse
990 2847 1019 2902 in
1033 2849 1082 2903 bac
1094 2855 1302 2921 computatione.

185 2925 407 2993 sequentianno
427 2920 585 2989 (ur-batt.)
603 2919 727 2974 C.Mar-
768 2919 871 2972 Eodem
898 2918 956 2970 iure
982 2928 1008 2971 et
1027 2917 1115 2972 nrulto
1135 2923 1303 2978 commodius
1370 2963 1371 2966 ,

184 2996 243 3056 cic,
268 2993 318 3045 Cn.
332 2991 440 3044 Manlio
459 3007 528 3043 coss.
548 2995 583 3041 de
602 2990 726 3052 unciario
764 2987 945 3059 cogitabimus
957 2987 990 3040 de
1003 2986 1080 3040 denis
1092 2990 1194 3042 assibus
1205 2990 1257 3044 sire
1271 2993 1303 3046 de

178 3063 285 3137 sertore
307 3080 326 3113 c
354 3059 392 3111 M.
413 3060 528 3116 Duilio.
558 3058 591 3111 L.
611 3060 726 3111 Maenio
768 3057 888 3119 denario,
901 3056 975 3127 qnod
990 3068 1028 3110 est
1036 3074 1174 3111 summum
1186 3056 1214 3110 iu
1225 3080 1302 3115 nunr-

184 3128 307 3185 urbanis
316 3131 403 3196 plebe
414 3129 526 3193 rogatio
542 3136 585 3179 est
593 3129 728 3195 perlata.-
768 3145 878 3179 morum
890 3144 1004 3196 genere,
1027 3134 1057 3177 ut
1070 3125 1106 3180 ita
1120 3126 1246 3180 denarius
1258 3131 1302 3186 det

184 3208 216 3254 et
240 3200 318 3265 plebs
341 3201 498 3265 circumito
515 3215 580 3248 eom
603 3197 728 3260 caprilios
768 3194 878 3248 unciam
891 3195 1046 3265 proyiructu
1060 3204 1214 3259 nienstruo,
1228 3201 1262 3254 ‚10
1268 3220 1299 3266 p.

182 3269 264 3324 scivit
280 3269 447 3338 accepitque.
482 3266 620 3318 Ernestius
641 3265 727 3317 credit
770 3263 840 3332 (lent
858 3263 887 3315 in
907 3282 1019 3316 anuum.
1056 3262 1300 3332 lledigiturdeinde

181 3337 272 3408 legem
285 3334 360 3389 illam
375 3335 518 3388 duodecim
533 3328 629 3387 tabulis
641 3334 727 3386 sanci·
768 3331 802 3386 ad
821 3330 988 3394 semuncias,
1012 3330 1039 3384 lr.
1053 3351 1075 3384 e.
1093 3330 1150 3402 cp.
1163 3331 1229 3387 Ceut
1252 3337 1298 3401 sci.

183 3414 256 3469 tam,
274 3403 371 3458 deinde
386 3404 551 3473 neglectam,
571 3422 585 3454 a
599 3402 641 3456 M.
654 3402 726 3453 Dui·
768 3401 823 3454 Liv.
832 3401 918 3468 tat).
954 3399 1007 3453 Sed
1020 3400 1085 3455 baec
1097 3399 1191 3455 altiore
1204 3402 1298 3473 disqui-

183 3475 224 3532 lio
244 3471 365 3527 severius
384 3475 556 3526 instauratam
577 3490 634 3526 esse
652 3488 725 3526 nova
768 3469 866 3523 sitione
882 3468 1017 3539 indigent,
1033 3469 1077 3523 cui
1088 3468 1167 3523 huius
1179 3470 1232 3524 loci
1244 3492 1298 3545 spa·

97 3553 101 3560 '
184 3545 256 3616 lege.
299 3541 417 3594 Haclius
434 3550 525 3593 tamen
542 3559 630 3609 nuper
649 3557 728 3592 erro·
767 3539 836 3591 tium
852 3556 911 3592 non
930 3536 1039 3592 sufficit.
1081 3537 1162 3592 Certe
1183 3539 1296 3596 incredi-

185 3633 246 3674 rem
263 3610 359 3665 Tacito
380 3609 524 3680 imputavit
541 3619 665 3670 testatus,
688 3628 725 3677 ne
767 3606 822 3662 bile
842 3617 896 3671 eet,
923 3605 1075 3664 unciarium
1096 3606 1187 3672 fenus,
1212 3609 1233 3663 ci
1250 3610 1297 3666 luit

184 3682 331 3753 ‘vestigium
351 3678 461 3750 quiden.
480 3697 536 3731 esse
555 3676 635 3730 huius
661 3675 726 3746 legio
769 3679 849 3747 lpro
858 3675 928 3729 Cent
939 3694 1043 3729 annuae
1058 3693 1167 3740 usurae,
1182 3678 1296 3800 potuisse

184 3751 217 3807 in
236 3748 381 3805 duodecim
401 3745 508 3800 tabulis.
544 3746 634 3800 Velim
655 3746 742 3799 duo?
767 3744 977 3798 nimiumrideri
987 3744 1165 3798 debitoribus.
1210 3766 1295 3801 mnam

184 3822 277 3874 decim
295 3817 398 3872 tabulas
416 3816 532 3887 integras
550 3815 629 3869 nobis
645 3832 727 3867 com·
769 3825 858 3868 autern
883 3813 964 3866 fidem
992 3824 1116 3886 superat,
1143 3816 1250 3869 eosdem
1272 3825 1296 3872 el

186 3888 324 3951 muniret,
343 3897 372 3940 ut
384 3886 567 3966 inspiciamus.
602 3882 671 3942 Nam
687 3903 727 3938 se·
760 3893 827 3938 tum
854 3882 887 3941 de
913 3882 1043 3953 gravitate
1062 3879 1167 3937 lenorls
1185 3896 1295 3955 questos,

186 3958 307 4010 cundum
322 3953 472 4008 mutilarlla
487 3952 651 4024 fragmenta,
668 3953 727 4023 qni·
761 3964 911 4031 -ortqpam
953 3949 1032 4005 lenus
1073 3951 1108 4005 ad
1154 3956 1295 4008 semuncias

186 4026 237 4077 bus
249 4026 390 4096 bucusque
401 4022 517 4084 utimur,
531 4022 581 4073 ·nil
594 4021 662 4075 certi
675 4023 725 4074 de·
769 3970 799 4088 ll
818 4039 869 4092 pro
883 4019 963 4088 Cena)
980 4020 1123 4075 redactum
1141 4032 1213 4085 erat,
1245 4023 1292 4076 Alii

116 4107 119 4112 '
187 4090 260 4147 finiri
284 4102 382 4161 potest.
428 4090 538 4143 interim
560 4108 641 4143 nemo
661 4090 727 4144 mihi
769 4087 815 4156 (ci.
837 4087 939 4143 Stroth.
964 4088 997 4143 ad
1016 4088 1074 4142 Liv.
1092 4089 1117 4152 7,
1137 4090 1191 4160 16.)
1211 4091 1293 4145 uncia·

186 4160 356 4230 persuadebit
369 4159 496 4214 Tacitum
509 4158 728 4236 incuriosebaec
769 4160 841 4215 rium
866 4158 946 4213 lenus
973 4157 1041 4212 illud
1071 4167 1184 4231 putant,
1215 4178 1294 4232 quum
