2792 4642
179 214 308 314 tttt
410 189 951 348 L1B.111.cae.1a.-21'4.
1104 242 1242 338 ‚aaa
1271 233 1301 344 j

43 436 49 441 .
125 377 196 465 „id
219 381 334 462 solum
353 376 566 449 Germanico
588 402 695 471 super
716 380 808 473 leges
825 388 1123 481 praestiterimus,
1149 385 1250 491 quod

124 481 194 567 „iu
208 481 305 551 curia
319 482 437 573 potius
453 506 560 576 quam
573 481 724 568 inloto,
745 488 840 577 apud
852 501 1012 560 senatum
1027 519 1134 589 quam
1150 504 1246 592 apud

126 585 289 668 „iudices
306 585 350 654 de
364 597 478 652 morte
495 584 569 652 eius
585 584 798 677 anquiritur.
851 601 964 661 cetera
980 598 1059 686 pari
1072 602 1245 674 modestia

123 691 365 773 „tractentur
416 699 521 754 nemo
542 681 654 755 Drusi
678 687 863 777 lacrimas,
882 704 1247 776 „nemo'maestitiam

81 843 84 852 ,
123 813 269 874 „meam
281 802 429 881 spectet,
454 811 519 857 nec
534 788 564 855 si
580 812 650 881 qua
664 790 705 858 in
717 813 782 859 nos
798 793 943 864 adversa
957 797 1170 897 finguntur‚''

227 920 328 995 XIII.
379 919 640 992 Exin-biduum
656 913 867 996 criminibus
888 928 1099 1004 obiiciendis
1121 940 1246 1010 statui:-

122 1039 203 1112 tur,
222 1040 330 1118 utque
351 1048 409 1095 sex
427 1017 567 1094 dierum
580 1024 696 1117 spatio
713 1026 898 1110 interiecto
912 1055 993 1102 reus
1007 1059 1073 1126 per
1086 1037 1252 1126 triduum¹

123 1129 382 1200 defenderetur.
434 1115 532 1196 Tum
548 1125 733 1198 Fulcinius
754 1143 874 1200 vetera
892 1146 926 1201 et
942 1134 1064 1207 inania
1087 1143 1244 1214 orditur:
1340 1175 1342 1180 ’

28 1290 43 1304 ,
123 1231 310 1300 ambitiose
343 1228 527 1325 avareque
549 1224 708 1300 habitam
735 1227 964 1326 Hispaniam:
1003 1242 1100 1333 quod
1130 1267 1245 1339 neque

41 1399 45 1409 ,
122 1334 327 1434 convictum
349 1354 562 1415 namecca,
602 1332 632 1400 si
653 1333 806 1402 recentia
826 1353 1018 1438 purgaret,
1046 1363 1161 1437 neque
1181 1348 1272 1423 de·.,

47 1517 50 1520 .
105 1433 263 1504 'sensum
277 1431 494 1503 absolutioni
512 1446 603 1518 erat,
629 1433 660 1503 si
674 1447 853 1505 teneretur
874 1439 1070 1523 maioribus
1091 1446 1244 1537 flagitiis.

120 1529 209 1606 Post
238 1560 343 1629 quem
365 1533 537 1604 Servaeus
564 1550 599 1605 et
619 1533 798 1606 Veranius
817 1552 852 1607 et
872 1536 1040 1622 Vitellius
1063 1550 1243 1620 consimili
1283 1580 1287 1588 “

122 1639 264 1729 studio,
286 1637 348 1706 sed
367 1636 480 1706 multa
505 1637 711 1729 eloquentia
732 1635 918 1727 Vitellius,
948 1644 1123 1718 obiecere:
1156 1649 1261 1728 odio*

122 1738 331 1809 Germanici
355 1736 389 1808 et
417 1762 538 1836 rerum
568 1762 744 1809 novarum
774 1742 892 1810 studio
919 1742 1087 1818 Pisonem
1112 1737 1241 1842 uulgus

122 1843 356 1934 militum'per
371 1840 553 1911 licentiam
572 1854 608 1909 et
622 1842 801 1912 sociorum
815 1843 964 1915 iniurias
979 1872 1019 1918 eo
1034 1876 1146 1945 usquc
1160 1879 1241 1925 cor-

121 1944 278 2035 rupisse,
308 1957 350 2013 ut
367 1966 496 2034 parens
517 1941 698 2032 legionum
722 1968 743 2013 a
763 1945 963 2016 deterrimis
986 1954 1239 2043 appellareturt‘

121 2059 247 2117 contra
259 2044 298 2113 in
311 2044 486 2135 optimum
502 2068 696 2139 quemque.
719 2046 871 2116 maxime
888 2049 928 2117 in
942 2053 1087 2123 comites
1100 2070 1136 2126 et
1150 2059 1242 2127 ami-

58 2222 64 2234 ,
121 2172 182 2220 cos
204 2143 410 2218 Germanici
435 2148 598 2218 saevisse:
640 2160 819 2239 postremo
846 2148 963 2242 ipsum
989 2156 1240 2231 devotionibus
1311 2181 1316 2188 ·

120 2264 159 2321 et
178 2272 316 2319 veneno
338 2247 542 2341 peremisset
583 2272 680 2318 sacra
712 2244 798 2344 binc
825 2266 860 2321 et
885 2252 1147 2330 immolationes
1172 2285 1239 2331 ne-

119 2351 246 2422 fandas
260 2350 372 2446 ipsius
385 2362 490 2442 atque
503 2346 712 2424 Plancinae:
736 2354 882 2443 petitam
902 2358 1009 2427 armis
1024 2382 1100 2430 rem
1115 2362 1237 2455 publi.
1321 2376 1324 2386 ·

120 2478 216 2540 cam,
236 2466 347 2547 utque
359 2474 441 2520 reus
456 2451 512 2540 agi
526 2466 670 2548 posset,
687 2454 760 2523 acie
774 2454 919 2529 victum.
952 2501 956 2508 -
1266 2479 1269 2484 ·

126 2593 128 2598 ’
218 2573 323 2658 XIV.
371 2580 539 2673 Defensio
561 2584 600 2652 in
616 2565 746 2655 ⁸ceteris
764 2586 963 2678 trepidavit.
1015 2603 1099 2661 nam
1121 2607 1238 2690 neque

114 2685 353 2758 ‘ambitionem
365 2685 556 2755 militarem
569 2711 684 2781 neque
698 2689 917 2780 provinciam
936 2693 1086 2782 pessimo
1109 2696 1237 2791 cuique

120 2789 332 2873 obnoxiam,
356 2810 403 2862 ue
418 2789 649 2859 contumelias
670 2790 814 2883 quidem
834 2792 1023 2863 adversum
1045 2795 1236 2888 imperato-

154 3070 242 3130 supfr
254 3055 337 3119 leges.
362 3049 432 3105 Nam
444 3042 574 3106 de'caede
588 3048 654 3106 ciris
695 3050 835 3126 Drusique
858 3052 940 3126 suped
964 3054 1118 3117 Germanici
1141 3061 1234 3120 morte

119 3122 235 3177 alicuius
252 3120 395 3192 anquirere
412 3140 468 3174 nou
487 3121 600 3174 omuino
614 3130 655 3174 est
695 3120 804 3176 laetitia.
860 3122 934 3178 Haec
959 3139 1022 3182 suut
1047 3133 1161 3185 diuersa
1187 3133 1233 3188 illa

119 3202 242 3253 senatus,
269 3189 317 3243 sed
341 3188 375 3241 ad
398 3189 425 3242 id
446 3188 563 3271 pertinet
580 3188 653 3243 iudi·
696 3188 854 3250 Grouoriis
875 3190 921 3246 Sic
934 3200 1152 3268 aduersojama
1163 3200 1248 3255 Ilist..

119 3262 209 3323 cium,
237 3258 281 3313 cui
303 3277 333 3311 er
353 3268 473 3327 quaestio
496 3257 653 3311 demandata
698 3261 721 3324 1,
733 3257 778 3312 73.
1059 3270 1063 3277 ’

103 3339 168 3384 est.
204 3327 352 3381 Tumvero
370 3336 397 3380 at
412 3320 578 3398 privatorum
593 3346 652 3379 ma·
731 3326 798 3380 Car.
816 3327 856 3382 13.
872 3327 1136 3390 ⁴auteraetr‘rroriia⁸
1167 3339 1233 3393 vid.
1318 3302 1331 3360 Ι·
1369 3384 1373 3392 .

119 3397 190 3451 xima
202 3395 273 3467 apud
288 3399 376 3467 patres
390 3396 581 3451 tractabantur.
614 3395 651 3448 cl.
695 3406 753 3451 not.
767 3396 799 3449 ad
816 3401 839 3458 1,
852 3397 878 3452 2.
892 3410 990 3453 uetera
1000 3413 1028 3455 et
1036 3408 1204 3472 periculosa.

120 3465 185 3520 infr.
201 3466 227 3525 4,
240 3465 267 3518 6'.
549 3479 557 3494 ‘
677 3497 683 3505 ‹
730 3465 881 3520 ambitiose
905 3487 1054 3539 avareque.
1101 3474 1137 3529 cl.
1164 3478 1230 3548 Agr.

151 3535 380 3601 parimodestia.
414 3549 454 3587 sc.
474 3550 507 3587 ac
522 3532 544 3585 si
559 3530 653 3613 privati
696 3552 720 3594 c.
733 3533 777 3586 80.
789 3536 818 3586 si
830 3538 1052 3601 locupletaveris
1065 3552 1117 3602 est,
1134 3546 1231 3596 avari:

119 3601 241 3655 bominis*
250 3622 327 3655 causa
340 3612 472 3671 ageretur.
495 3600 654 3654 Dissimulat
695 3604 724 3655 si
732 3620 854 3670 pauper,
874 3607 1027 3662 ambitiosi.

119 3670 308 3744 principemio
323 3668 500 3725 Germanico.
604 3671 607 3690 '
731 3672 871 3724 Veranius
889 3683 917 3726 et
930 3675 1065 3730 Vitellius.
1102 3679 1137 3733 cl.
1150 3679 1176 3743 2,
1189 3677 1231 3735 74.

155 3741 285 3790 adversa.
320 3737 341 3792 l.
354 3740 402 3793 Fr.
418 3737 575 3792 Gronovius
594 3756 652 3789 ma·
696 3737 854 3809 postquem
872 3742 1151 3819 edd.Rben.sqq.-·
1175 3749 1261 3802 Bet*
1345 3725 1348 3730 .

68 3829 70 3836 ·
119 3807 176 3860 vult
194 3807 315 3858 diuersa.
350 3808 404 3862 Sed
446 3826 507 3860 uem
523 3806 573 3859 iste
589 3799 654 3860 inde
695 3798 780 3863 ioald.
790 3805 951 3879 postquam.

120 3874 193 3931 elicit
213 3893 334 3935 sensum,
363 3877 386 3936 is
405 3826 524 3948 rtilgatae
545 3892 654 3947 quoque
729 3883 813 3929 'sacra
824 3881 890 3932 Ju'm
901 3889 929 3932 et
940 3882 1158 3937 immolationes.
1193 3887 1230 3940 cf,
1277 3909 1281 3918 ¹

76 3999 79 4000 γ
114 3943 177 4001 'voci
201 3944 281 4005 inest,
310 3955 337 3998 et
361 3945 449 3998 multo
471 3943 653 4011 commodius.
693 3944 774 4008 275.
970 3954 973 3962 ’
1003 3991 1007 4000 ⁴

119 4018 249 4070 Adversa
271 4017 366 4076 sunt,
414 4031 444 4067 ae
466 4033 516 4068 uos
537 4012 653 4065 dicimus
727 4015 846 4080 petitam
937 4018 1047 4070 vr'atum.
1094 4017 1130 4072 cl.
1148 4018 1178 4082 2,
1197 4023 1232 4076 79

119 4082 319 4148 Feriidseiiges.
342 4032 528 4149 Giiildssr'ges,
555 4082 652 4134 Narb-
695 4102 754 4204 sqq.

120 4149 350 4218 steiluessmab.
383 4150 473 4222 anue
486 4149 592 4206 voce‘l.
606 4150 651 4202 in·
687 4213 690 4220 .
753 4166 798 4203 ar.
812 4150 853 4205 14.
889 4156 992 4222 auique.
1029 4152 1216 4215 SiceddAEbe

119 4224 191 4294 uuit,
227 4237 297 4290 quae
326 4230 515 4291 spargerentur
543 4220 575 4274 de
606 4235 652 4276 sua
695 4238 757 4274 nau.
771 4238 830 4291 sqq.
847 4254 882 4266 -
916 4217 1106 4276 Beroalduu.
1142 4227 1146 4240 '

167 4301 317 4364 Taurus
340 4298 366 4363 Ι.
518 4368 522 4370 Δ
655 4335 657 4338 -
888 4294 921 4364 P
