2792 4642
195 197 271 270 aas
511 189 905 268 autumnos
1079 188 1266 300 rges

198 352 347 426 Seianus
363 346 530 420 Curtium
548 344 710 418 Atticum
728 362 960 440 oppresserat.
1011 373 1084 444 quo
1105 349 1234 424 laetius
1259 378 1323 423 aes

199 468 338 546 ceptum
350 474 415 522 sna
429 450 588 543 exempla
601 450 641 542 in
653 450 874 526 consultores
887 450 1063 526 recidisse.

298 552 369 624 Per
385 553 482 648 idem
496 566 636 645 tempus
646 549 688 624 L.
702 549 786 620 Piso
803 554 980 645 pontifex,
1010 575 1132 624 rarum
1153 555 1194 624 in
1216 570 1321 627 tanta

199 656 427 741 claritudine,
444 654 646 772 Qbflis
674 651 810 728 nullius
825 641 963 724 servilis
980 657 1173 727 sententiae
1187 673 1321 749 sponte

198 773 338 842 auctor,
370 771 406 827 et
425 769 589 851 quotiens
607 756 795 826 necessitas
814 757 1012 847 ingrueret,
1036 759 1215 850 sapienter
1233 786 1322 831 mo-

198 864 338 934 derans.
362 949 366 960 ⁴
387 856 530 930 Patrem
545 859 578 927 ei
591 858 791 930 censorium
804 859 911 932 fuisse
923 862 1133 958 memoravi:
1159 878 1256 933 aetas
1272 865 1320 932 ad

200 961 453 1054 octogesimum
480 985 623 1062 :annum
653 961 839 1053 processit:
889 962 995 1032 decus
1024 959 1242 1055 triumphale
1278 966 1320 1033 in

201 1059 357 1135 Thracia
376 1076 564 1135 meruerat.
616 1064 678 1132 sed
701 1063 893 1156 praecipua
916 1088 958 1133 ex
983 1087 1023 1134 eo
1052 1066 1182 1154 gloria,
1217 1069 1320 1160 quod

199 1168 394 1261 praefectus
414 1165 497 1234 urbi
518 1187 640 1234 recens
660 1164 868 1236 continuam
881 1178 1089 1258 potestatem
1106 1182 1142 1240 et
1152 1168 1319 1238 insolen-

193 1270 251 1342 tia
266 1266 415 1364 parendi
423 1267 627 1360 graviorem
640 1266 731 1336 mire
746 1269 964 1358 temperavit.
1012 1321 1019 1327 -

254 1440 274 1478 ·,
301 1397 366 1473 x-l.
389 1398 550 1493 Namque
568 1413 671 1469 antea
691 1399 858 1492 profectis
877 1402 984 1471 domo
1005 1401 1152 1492 regibus*
1168 1428 1209 1494 ae
1232 1430 1321 1476 mox

200 1502 479 1594 magistratibus,
517 1525 564 1573 ne
586 1502 672 1573 urbs
693 1501 770 1573 sine
790 1502 942 1600 imperio
965 1503 1075 1590 foret,
1112 1506 1152 1576 in
1173 1520 1321 1600 tempus

200 1772 342 1827 uastae
402 1769 477 1825 Bene
512 1770 553 1825 sic
587 1768 734 1824 Beirlrerus.
777 1771 864 1827 irensii
892 1771 1024 1826 sententia
1051 1789 1152 1825 reeens
1180 1772 1321 1843 coniunge

200 1842 289 1914 Vulgo
308 1852 368 1895 ante
380 1841 513 1900 litandum
532 1839 662 1894 omittunt
676 1840 735 1896 vir·
778 1861 842 1898 cnm
854 1843 1034 1909 eontmuom,
1050 1851 1080 1895 ut
1092 1842 1127 1895 sit
1137 1851 1256 1911 potestas
1268 1862 1320 1894 nn·

200 1905 309 1984 gulam
326 1921 435 1983 ponunt
446 1921 507 1980 post
516 1910 614 1963 secuti.
777 1925 827 1985 per
847 1912 956 1964 demum
974 1911 1103 1963 continua
1124 1910 1203 1965 faeta.
1246 1910 1320 1963 Nam

236 1981 367 2034 Curtium
378 1979 511 2032 Atticum.
546 1975 675 2040 cf.4‚58.
778 1981 941 2035 vocabulum
954 1995 1097 2032 reeensne
1118 1980 1319 2051 ueexscripto·

234 2050 268 2105 L.
288 2049 354 2102 Piso
376 2048 515 2117 pontifex.
555 2046 611 2100 Dio
631 2046 735 2108 58.19.
776 2049 814 2104 ris
828 2059 927 2108 aetate,
947 2059 1038 2116 neque
1050 2066 1081 2100 er
1092 1998 1139 2100 'iio
1153 2066 1241 2111 anno,
1266 2068 1319 2103 cu·

200 2116 252 2175 τόν
267 2135 296 2173 τε
307 2122 437 2174 Πείσωνα
457 2114 507 2171 τὸν
521 2118 676 2185 πολίαρχον
690 2132 738 2168 τε·
779 2119 824 2171 ius
842 2135 918 2171 nunc
936 2115 1064 2171 describit
1083 2136 1141 2178 res,
1163 2116 1209 2171 sed
1225 2137 1257 2170 er
1270 2116 1319 2171 illo
1378 2161 1379 2168 ,

200 2183 369 2245 temitanum
380 2186 502 2260 δημοσίᾳ
513 2188 589 2257 ταφῇ
601 2185 738 2254 ἐτίμησεν.
779 2196 918 2256 tempore,
948 2204 1003 2254 qno
1023 2185 1087 2238 Piso
1113 2185 1233 2255 primum
1254 2184 1320 2239 urbi
1378 2191 1379 2196 ’

200 2255 393 2328 HinoLipsi'us
411 2254 563 2324 suspicatur
582 2254 636 2306 hoe
654 2254 737 2306 etiam
798 2254 1000 2315 menciebatur,
1030 2251 1239 2325 intelligendum
1266 2264 1318 2308 est.

200 2330 230 2381 in
254 2326 317 2377 loco
340 2341 389 2395 pro
408 2323 542 2391 pontifex
560 2322 736 2394 scribendum
779 2275 916 2377 iiontinua
942 2322 1069 2444 ppaefecti
1098 2324 1172 2376 urbis
1198 2334 1319 2393 potestas

200 2414 257 2449 esse
271 2414 301 2460 p·
320 2412 363 2453 υ.»
385 2401 416 2444 ut
434 2390 469 2444 sil
485 2391 645 2459 praefectus
663 2392 736 2443 urbi·
778 2403 933 2457 tum,'cum
970 2390 1009 2445 iso
1021 2411 1080 2444 eam
1093 2403 1254 2462 capesseret,
1270 2411 1317 2445 re-

200 2463 255 2526 Sed
266 2467 353 2532 quum
367 2457 672 2522 deiudeNosterfnsius
692 2460 736 2511 di·
779 2473 923 2518 censerat.
959 2459 1319 2531 Frustraigitnriiupertius

201 2541 244 2586 cat
264 2531 297 2584 de
317 2528 422 2586 Pisonis
442 2526 622 2610 praefectura,
652 2528 736 2586 inuti·
781 2531 861 2585 docet
877 2547 972 2584 reeens
988 2541 1014 2583 et
1031 2546 1124 2595 nuper
1142 2529 1175 2582 de
1194 2540 1318 2602 tempore

201 2600 253 2653 lius
265 2597 349 2652 videri
364 2608 464 2670 poterit
477 2596 587 2650 titulum
599 2595 675 2649 illum
688 2615 738 2649 no·
780 2598 843 2654 satis
858 2599 940 2669 longo
957 2598 1019 2653 dici.
1056 2598 1165 2651 Priores
1180 2600 1317 2671 interpre-

200 2667 360 2728 ministri.
396 2666 559 2737 Quanquam
580 2665 613 2719 de
632 2665 739 2726 Pisonis
780 2680 821 2723 tes
834 2668 957 2721 solebant
970 2667 1318 2737 coniungerezproeseetus

238 2736 360 2792 ntificatsn
373 2734 411 2789 nit
423 2735 552 2789 innotuit.
571 2733 686 2804 Nandeti
699 2734 739 2785 in·
782 2738 848 2792 urbi
869 2752 974 2789 reeens.
1028 2734 1106 2804 Quae
1132 2755 1317 2808 comparum
1376 2755 1377 2776 t

200 2757 251 2862 'deor
263 2805 336 2860 hunc
351 2805 381 2858 L.
394 2803 522 2863 Pisonem
535 2804 604 2857 mire
622 2802 739 2856 coufun-
759 2809 761 2816 ’
781 2805 889 2876 elegans
904 2803 1007 2857 locutio
1020 2824 1077 2857 esse
1091 2803 1239 2869 videretur,
1262 2806 1317 2857 Er-

201 2877 230 2930 di
243 2865 375 2929 teum-Cei
396 2872 475 2926 uruio
484 2871 599 2937 Pisone,
618 2871 664 2948 qui
678 2889 738 2923 me·
781 2875 881 2929 nestius
900 2874 1017 2946 coniecit
1034 2872 1160 2926 Taciturn
1181 2875 1317 2949 scripsisse
1375 2927 1376 2936 ,

201 2943 359 3009 moratur2,
409 2939 460 3003 .’3,
475 2943 515 2995 11.
534 2941 559 3003 3,
573 2940 616 2994 68.
636 2940 719 3002 4,21.
779 2952 909 3006 ereatus,·
932 2940 999 2996 Wo
1019 2942 1126 3000 tensius
1138 2945 1256 2998 tentabat
1267 2962 1318 3011 ge·
1375 2943 1376 2950 ’

236 3014 400 3066 memoravi.
427 3010 470 3080 De
482 3008 534 3065 hae
544 3029 574 3064 re
587 3007 655 3062 nihil
666 3009 738 3081 apud
780 3028 858 3084 rens.
889 3007 958 3063 'Iam
979 2961 1017 3063 uri
1036 3029 1104 3081 opus
1124 3021 1164 3064 est
1185 3013 1314 3066 emenda·

202 3078 329 3134 Tacitum
341 3079 483 3152 reperitur.
782 3079 871 3143 tione,
899 3090 927 3132 et
947 3099 983 3134 ne
1006 3079 1051 3133 itta
1079 3080 1206 3151 quidem,
1236 3100 1316 3164 qnam

239 3149 268 3200 in
290 3147 414 3200 Thracia
436 3156 592 3201 meruerat.
641 3145 742 3218 Velleir
782 3149 1106 3220 Banmgarten-Crusius
1120 3162 1264 3219 proposuit
1284 3150 1316 3204 ad

202 3215 288 3286 298.
323 3213 378 3271 Dio
398 3211 499 3280 5434.
534 3214 605 3272 cod.
618 3214 680 3270 MS.
697 3216 742 3269 dat
782 3215 895 3270 Sueton.
916 3215 977 3271 Tib.
997 3237 1022 3271 c.
1042 3219 1085 3271 42.
1104 3235 1205 3272 reeens
1221 3221 1314 3271 eondi-

204 3288 234 3339 r‘n
248 3285 412 3350 Thraecio,¹
783 3297 846 3339 tam
861 3284 903 3342 vel
919 3288 1114 3340 constitutam.
1151 3286 1201 3339 Vir
1215 3287 1314 3342 doctis·

211 3357 396 3422 ‘praecatus'
412 3353 485 3407 urbi.
525 3350 573 3412 Sco
595 3352 658 3407 cod.
678 3352 740 3406 MS.
783 3355 867 3409 sinsus
880 3372 938 3406 uon
952 3354 1156 3423 animadvertit,
1175 3375 1257 3478 «poam
1270 3378 1316 3412 ao-
1373 3379 1374 3384 ¹

40 3465 48 3490 ,
110 3451 112 3455 Α
204 3423 266 3477 edd.
316 3423 417 3476 eroaid.
444 3423 504 3475 Ate.
532 3420 654 3475 Rhenan.
682 3439 742 3492 sqq.
784 3433 877 3478 curate
889 3422 941 3475 sibi
952 3422 1067 3477 invicem
1079 3444 1176 3495 respon
1199 3437 1314 3480 eantvo·

205 3492 259 3545 Sed
278 3489 459 3562 Wopkensic
480 3501 591 3544 auctore
638 3489 740 3560 ferique
784 3490 893 3546 cabula:
921 3494 1085 3545 continuam
1111 3504 1137 3546 et
1158 3495 1188 3546 in
1208 3502 1315 3564 tempus

155 3605 157 3612 ,
205 3565 280 3624 uun‘c
297 3559 558 3627 edunt'proeseetus
581 3510 671 3619 urias,
701 3556 740 3610 uti
781 3561 964 3625 delrkebotur.
1010 3559 1068 3616 Nec
1088 3565 1201 3616 omuino
1221 3564 1315 3620 Noster

205 3640 244 3683 est
257 3629 282 3690 4,
294 3627 336 3698 36
350 3625 396 3699 cf.
412 3627 450 3680 ibi
461 3638 518 3680 not.
553 3627 637 3681 Cuius
650 3639 741 3681 tamen
784 3628 818 3682 de
836 3629 1003 3698 praefectura
1025 3631 1099 3684 urbis
1121 3641 1152 3682 ut
1172 3632 1206 3686 de
1224 3653 1313 3688 recens

206 3695 362 3750 mutationis
390 3699 447 3749 'non
472 3704 528 3748 erat
554 3695 622 3748 iusta
652 3715 741 3754 causa,
783 3697 892 3751 condita
911 3708 1041 3767 potestate
1059 3698 1197 3771 loquitur,
1224 3722 1314 3760 verum

202 3768 269 3837 quia
283 3775 396 3836 utraque
410 3764 532 3817 formula
542 3764 643 3819 Nostro
659 3784 743 3818 usur-
783 3785 815 3819 ex
827 3763 982 3835 antiquitate
993 3784 1051 3820 eam
1065 3789 1094 3821 re
1113 3770 1169 3822 etit.

207 3846 293 3909 petar.
314 3826 351 3888 cf.
367 3834 445 3896 tao.
458 3851 528 3884 mox
543 3836 642 3885 castras
651 3851 742 3897 prae·
818 3833 886 3887 Car.
906 3836 948 3892 tt.
977 3837 1112 3904 proficus
1136 3843 1233 3893 domo.
1272 3839 1315 3894 Sic

125 3915 127 3922 ”
198 3908 302 3971 scetus.
323 3901 430 3955 Etenim
445 3899 565 3957 dativum
579 3900 663 3971 ponit,
678 3921 745 3973 quo·
787 3903 847 3955 edd.
866 3901 988 3955 Rhenau.
1002 3922 1061 3976 sqq.
1082 3907 1162 3962 etsie
1183 3907 1314 3963 Victorius

207 3975 276 4026 tiens
292 3972 455 4038 praefectus
467 3979 506 4022 est
523 3989 573 4039 pro
587 3971 745 4040 participi03
785 3971 901 4025 correxit
913 3970 942 4023 in
954 3990 992 4024 ex.
1005 3974 1206 4042 suoBeroald.,
1223 3978 1251 4031 in
1263 3997 1313 4050 quo

207 4038 368 4121 genitivum,
397 4037 521 4110 quotiens
543 4056 595 4109 pro
617 4039 742 4091 substan·
783 4039 873 4162 {sprot
889 4041 1039 4110 proeseefis
1055 4046 1180 4097 demum.
1224 4045 1269 4103 Sic
1290 4057 1314 4099 et

208 4120 273 4159 tuo.
386 4119 388 4122 “
820 4128 845 4161 c.
1314 4115 1319 4124 '

240 4167 337 4229 recens
350 4175 520 4228 continuam.
548 4137 594 4231 ’lta
609 4163 740 4252 eWop-
817 4177 848 4229 iu
862 4185 981 4247 tempus.
1019 4179 1055 4237 ci.
1068 4190 1127 4235 not.
1144 4173 1272 4243 adssffi.
1370 4171 1371 4174 ¹
