2792 4642
184 197 323 299 rer:
527 202 632 291 nus.
651 202 683 278 ι.
721 201 837 280 σοι).
860 208 894 280 1.
969 300 982 331 ,
1110 204 1112 209 ·
1227 216 1253 289 s

131 364 212 437 luit.
241 386 318 453 non
328 341 483 446 Cinnae,
507 383 584 429 non
596 359 719 433 Sullae
736 342 842 450 longa
853 350 1071 457 dominatio,
1096 361 1253 436 etPom-
1266 364 1392 476 ἴση.

130 467 206 560 peii
225 463 413 557 Crassique
434 463 593 559 potentia
613 462 684 533 cito
712 462 750 531 in
770 461 972 551 Caesarem,
999 464 1129 559 Lepidi
1146 481 1253 564 atque

22 600 32 625 :
107 562 286 657 'Antonii
304 586 404 637 arms
421 564 462 633 in
480 560 682 655 Augustum
702 587 851 652 cessere,
881 567 945 660 qui
968 583 1093 641 cuncte
1116 570 1252 644 discor·

131 672 203 740 diis
219 669 384 759 ciuilibus
399 668 491 737 sessa
509 668 655 738 nomine
672 667 843 759 principis
860 671 927 738 sub
944 670 1134 763 imperium
1153 698 1252 745 ncce-

54 809 60 815 ·
131 774 197 866 pit.
258 771 332 842 Sed
357 769 486 839 veteris
507 770 634 861 populi
649 766 808 841 Romani
829 788 997 863 prospera
1017 775 1076 843 vel
1102 776 1250 847 adversa

60 930 66 941 .
130 874 238 945 claris
262 870 707 964 scriptoribusmemoratu
730 884 829 941 sunt:
865 875 1156 972 temporibusque
1170 873 1250 949 Au.
1279 880 1285 969 ζ

130 976 228 1067 gusti
253 974 411 1045 dicendis
433 998 510 1043 non
538 975 679 1044 defuere
703 968 831 1044 decora
851 974 1012 1066 ingenia,
1045 979 1158 1057 donec
1181 980 1252 1072 gli·

131 1089 253 1148 scente
286 1072 492 1169 adulatione
522 1076 794 1150 deterrerentur.
865 1075 1007 1150 Tiberii
1035 1076 1182 1176 Caiique
1214 1096 1251 1157 et

127 1176 276 1254 Claudii
314 1172 537 1289 ecNeroriis
575 1201 633 1250 res
671 1178 882 1252 florentibus
901 1180 1000 1276 ¹ipsis
1030 1183 1079 1254 ob
1114 1196 1250 1257 metum

131 1390 180 1434 tur
198 1385 327 1447 potestas
351 1374 482 1458 (ἐξουσία)
505 1375 671 1433 decemvira-
713 1384 786 1431 recte
801 1375 909 1442 dicitur,
922 1397 981 1433 non
994 1364 1108 1434 dubium
1122 1388 1170 1442 os,
1185 1400 1249 1436 enn-

130 1449 165 1502 lis
183 1459 247 1520 post
265 1447 406 1503 biennium
424 1445 515 1509 des1i13
532 1465 604 1499 anno
619 1456 670 1500 ter·
713 1446 777 1499 dem
790 1446 844 1501 dici
859 1466 938 1529 posse
958 1459 1099 1510 veterem,
1118 1450 1249 1533 quoniam

132 1519 367 1588 tjo'priratorum
392 1516 430 1568 ris
453 1534 511 1567 rem
532 1513 669 1586 publicam
713 1524 792 1569 vetus
805 1515 938 1586 significat
949 1516 976 1571 id
1008 1517 1172 1590 quod‘prsus
1186 1518 1248 1573 suit.

132 1586 267 1658 oppressit
286 1598 434 1655 rerumque
449 1582 488 1637 illi
506 1584 583 1654 potiti
607 1593 671 1637 sunt
712 1583 785 1638 Hinc
801 1585 955 1655 promiscue
969 1558 1061 1642 duum
1082 1607 1115 1641 ne
1129 1589 1248 1643 vocabu·

132 1654 192 1708 sine
218 1662 358 1724 potestate.
410 1653 468 1705 Iam
489 1652 522 1707 P.
540 1651 670 1709 Scriverii
711 1650 770 1725 lum
801 1652 951 1708 adhibetur.
999 1656 1035 1709 ei.
1087 1656 1150 1711 aeit.
1179 1657 1248 1729 Agr.

132 1723 265 1779 sententia
274 1721 523 1792 supersedebimus,
542 1740 595 1792 qna
606 1740 669 1775 cen·
711 1741 738 1775 c.
758 1720 802 1775 83.
833 1721 910 1787 Ergo
928 1726 1033 1789 egressi
1050 1742 1102 1791 ego
1122 1735 1249 1780 veterum

132 1795 209 1847 sebat
229 1803 372 1860 utramque
397 1794 603 1847 controversam
622 1808 669 1844 ro·
711 1793 884 1858 legatorum,
916 1809 965 1845 vos
986 1795 1116 1860 priorum
1136 1796 1250 1848 exerei-

17 1868 27 1895 '·
132 1877 193 1916 cern
209 1880 265 1914 esse
280 1858 318 1913 rel
370 1859 461 1913 udam.
712 1868 793 1911 snum
812 1852 1021 1915 terminos‘etc.
1067 1862 1102 1916 Es·
1115 1864 1249 1931 'populns

167 1929 275 1983 Sullae.
317 1878 394 1982 ἔξω
414 1927 576 1998 scripturam
592 1942 669 1999 prae·
689 1926 861 1999 „Romanus
881 1929 909 1982 in
926 1929 971 1983 tali
989 1930 1107 1985 formula
1128 1951 1184 1985 non
1208 1943 1249 1988 est

130 2000 224 2054 ferunt
239 1997 301 2052 edd.
314 1995 439 2051 beroald.
455 1996 576 2051 Rbcnau.
591 1997 669 2050 aliae·
730 2016 796 2049 enus
816 1996 961 2051 hominum
977 1998 1181 2064 Romanorum,
1200 1998 1248 2056 sed

133 2068 191 2139 que‘
214 2076 278 2123 vett.
306 2067 334 2120 in
359 2065 434 2119 libris
455 2067 601 2119 Annalium
626 2086 670 2119 sex
711 2015 844 2128 bomani,
881 2067 929 2138 qui
960 2078 1076 2121 veterem
1110 2070 1248 2125 civitatem

131 2133 669 2260 {illitulll‘.lll⁰p”.l⁰ssa.lll⁶
712 2136 1248 2260 il⁰5lllt¹³²tl....l.⁹lll¹.l;.332¹?

131 2274 223 2328 Rhen.
248 2275 368 2327 scribunt
393 2273 474 2340 Sylla
525 2272 568 2326 ed.
595 2240 667 2396 spir:
711 2222 801 2394 ἔξω
816 2277 937 2341 popolus
950 2271 1060 2330 Graecis
1079 2284 1120 2329 est
1141 2271 1156 2330 ὅ
1177 2245 1247 2332 ποτὶ

627 2360 667 2396 or.
731 2360 809 2411 ημος.
1054 2365 1057 2370 ’

153 2344 291 2414 lerumque
309 2342 392 2395 Sata.
436 2313 490 2394 Sed
509 2340 614 2394 MS.F

95 2448 97 2453 ι
129 2364 173 2467 lit.
185 2412 303 2485 Langob.
323 2430 375 2464 scr.
395 2410 495 2481 ubique
516 2411 572 2464 fere
590 2409 669 2464 babet
745 2415 962 2466 deterrerentur.
1006 2410 1111 2484 Lipsius
1131 2412 1248 2467 malebat

130 2482 226 2536 Sulla.
263 2481 298 2534 cl.
313 2490 371 2533 not.
384 2479 417 2532 ad
432 2481 473 2542 11,
487 2479 531 2533 22.
710 2481 906 2532 desererentur
919 2483 1068 2535 secundum
1077 2481 1149 2536 'llisc
1162 2484 1188 2545 2,
1199 2482 1244 2535 76.

166 2552 280 2604 nomslre
295 2550 434 2615 principis.
472 2546 623 2616 Quomodo
640 2546 668 2600 id
710 2547 836 2602 Adsentit
846 2547 1040 2621 Wopkensius
1054 2561 1080 2602 et
1092 2549 1247 2610 Hertmanu

129 2621 251 2674 nominis
264 2628 359 2672 nactus
373 2618 415 2679 sit,
430 2616 489 2670 ride
503 2617 574 2689 apud
583 2614 669 2670 Dion.
709 2616 833 2670 lustusin
844 2618 946 2672 dissert.
955 2617 1246 2688 defideToeiti.1827·

129 2689 172 2753 ⁵3,
189 2695 214 2742 1.
255 2687 338 2755 'Quae
358 2686 391 2739 sit
409 2686 466 2738 eins
484 2687 601 2740 nominis
621 2687 669 2748 ris,
710 2705 738 2757 p.
755 2684 796 2739 18.
838 2685 970 2750 Plebena,
994 2687 1053 2740 lob.
1073 2684 1246 2740 F1·.Grono·

129 2759 264 2812 docemur
277 2755 348 2828 apud
362 2755 477 2808 eundem
489 2755 573 2808 Dion.
587 2754 629 2817 67,
640 2752 668 2808 8.
710 2757 777 2813 rius,
790 2753 987 2808 Freinshemius
999 2754 1160 2809 etVVolfius
1172 2766 1246 2809 recte

128 2821 291 2901 Πρόκριτός,
310 2841 339 2877 τε
358 2827 405 2892 τῆς
427 2829 574 2910 γερουσίας
598 2822 668 2877 κατὰ
708 2823 865 2944 praeferunt
911 2822 1047 2905 vulgatam
1088 2822 1244 2878 lectionem.

49 2904 56 2924 ³
114 2896 161 2952 ’τὸ
192 2896 317 2968 ἀρχσῖονΙ
338 2892 495 2964 ὥνοααζετο
551 2895 674 2970 ὶοονίιιτ)δ
737 2911 782 2944 am
800 2890 916 2945 adulatio
937 2893 1051 2964 gliscens
1071 2911 1127 2947 non
1149 2894 1184 2946 ita
1199 2912 1244 2948 ra·

125 2964 175 3023 stol
187 2961 320 3024 πολλάκις
331 2980 365 3033 γε
379 2963 487 3034 ἔλεγεν,
507 2983 549 3018 οτι
562 2959 669 3017 denud—
710 2961 747 3014 let
760 2961 788 3014 in
803 2960 996 3015 detrimentum
1015 2982 1097 3034 quam
1110 2963 1139 3015 in
1153 2972 1245 3016 terro-

125 3057 175 3105 της
195 3038 250 3109 μὲν
271 3037 328 3087 τῶν
345 3031 469 3105 docitur,
490 3031 576 3087 οὐτοκ
594 3030 668 3105 cirum
710 3048 768 3083 rem
793 3028 979 3100 ingeniorum,
996 3031 1124 3102 quonism
1145 3032 1244 3086 decora

125 3109 160 3162 δὲ
172 3109 231 3159 τῶν
243 3106 428 3173 στρατιωτῶν,
443 3103 545 3157 τῶνδὲ
560 3104 595 3171 δη
606 3105 668 3157 λοι·
710 3098 816 3169 ingenia
835 3099 868 3151 ad
890 3098 1071 3154 adulationem
1094 3119 1123 3154 se
1149 3099 1244 3154 demit·

33 3204 38 3211 ·
124 3179 192 3232 πῶν
205 3167 354 3243 undeunde
369 3176 436 3243 εἰμι.
619 3220 623 3224 ,
710 3179 766 3222 tere
785 3168 897 3231 nolum,
927 3168 984 3222 sine
1005 3169 1157 3223 adulatione
1178 3170 1243 3224 scri·

162 3244 267 3298 veteris
278 3245 376 3308 populi
387 3242 521 3295 Romani.
559 3243 666 3294 Vertra·
707 3238 773 3290 bere
800 3237 986 3308 periculosum
1009 3248 1057 3291 est.
1111 3237 1256 3292 Nostrum
1299 3256 1302 3260 ’

114 3314 190 3369 nius
206 3312 324 3366 coniecit
339 3312 460 3364 traiectas
474 3324 530 3364 esse
546 3322 623 3364 notas
634 3329 664 3378 p.
708 3324 820 3360 suorum
847 3317 1002 3377 temporum
1028 3306 1156 3370 felicitas,
1194 3308 1243 3365 nbi

126 3402 155 3438 r.
169 3394 251 3462 atque
269 3380 445 3442 restituendas
460 3381 513 3434 sic:
534 3398 560 3432 r.
574 3399 603 3444 p.
611 3417 620 3443 ,
636 3388 668 3433 ut
709 3376 821 3438 sentire,
844 3394 913 3445 quae
932 3376 1026 3437 vellet,
1052 3384 1079 3427 et
1096 3370 1164 3446 qu‘ae
1184 3380 1243 3430 sen·
1334 3434 1338 3439 ,

127 3452 281 3520 significent
298 3451 341 3501 rei
355 3448 492 3515 publicae.
527 3446 598 3502 Nam
614 3466 666 3520 po·
706 3444 784 3506 tiret,
803 3445 891 3497 dicere
903 3443 1008 3506 liceret,
1022 3443 1056 3496 ad
1070 3445 1244 3498 scribendum

76 3521 224 3596 ··,pulum
244 3518 400 3571 Romanum
428 3529 487 3570 tum
513 3518 602 3571 adbuc
620 3536 664 3570 su·
708 3513 845 3566 excitabat.
881 3510 999 3566 eruin.
1018 3515 1079 3581 1,1,
1125 3512 1243 3567 ltacon‘·

126 3589 266 3662 perstitem
279 3586 448 3657 eundemque
460 3580 666 3659 nequivisseTa·
708 3582 789 3635 traria
809 3592 963 3652 temporum
983 3582 1053 3634 ratio
1071 3580 1176 3652 ingenia
1198 3581 1243 3634 de·

127 3659 184 3713 cito
195 3657 249 3710 dici
261 3668 390 3712 veterem.
417 3654 455 3708 As
466 3655 588 3709 codicem
602 3654 665 3707 MS.
707 3651 834 3703 terrebat.
882 3648 924 3702 De
946 3649 1102 3704 difficultate
1123 3651 1251 3704 scribon·-

16 3734 27 3753 ⁸
125 3730 233 3797 integro
257 3727 339 3778 verbo
364 3723 464 3779 babere
486 3724 584 3792 populi
602 3725 665 3777 Ro·
708 3718 756 3771 dae
775 3719 970 3789 imperatorum
989 3717 1115 3772 historiae
1135 3718 1171 3772 cf.
1186 3717 1242 3771 Dio

28 3820 38 3837 .
127 3796 211 3855 mani
235 3802 346 3848 testatur
367 3790 501 3856 Pichena,
534 3792 664 3846 defendit·
708 3786 805 3849 53,19.
841 3787 911 3839 Pllss·
927 3804 988 3859 εΡΡ·
1008 3787 1071 3849 &5-

125 3884 180 3937 que
201 3863 338 3932 vulgatam
358 3863 480 3932 exemplo
495 3864 550 3915 An.
564 3864 604 3924 11,
619 3858 662 3915 24.
740 3857 871 3910 Neronis.
902 3853 1241 3926 ο1.1οοορΙι.Λῐιῑῑο.20,8.

124 3935 175 3988 ubi
191 3943 245 3987 ests
270 3933 362 3999 priori
373 3930 488 3997 populo.
530 3931 664 3985 satisfecit
705 3926 805 3979 πολλοὶ
822 3923 877 3994 γὰρ
897 3922 947 3989 τὴν
965 3927 1028 3995 περὶ
1040 3928 1156 3995 Νέρωνα
1173 3939 1244 3977 συν-

10 4063 17 4070 ,
104 4001 269 4064 Ἐτιιεοῐίο,
283 4019 370 4071 neque
385 3997 584 4067 vcroVVollio.
603 3999 663 4069 ‘Sa-
705 3990 1005 4067 τετάχασιννστορίον·
1032 3983 1073 4046 οἷν
1089 3992 1181 4062 οἱμὲν
1195 3991 1243 4046 διὰ

124 4074 160 4127 tis
180 4082 273 4126 tamen
292 4069 425 4140 plerisque
448 4069 527 4123 hodie
550 4087 664 4141 persua·
724 4061 788 4134 άριν
800 4055 830 4117 εὖ
844 4061 1017 4123 πεπονθότες
1031 4059 1081 4123 ,ὑπ’
1096 4059 1182 4115 αὐτοῦ
1196 4064 1244 4130 τῆς

55 4174 58 4179 -
124 4140 259 4199 sumsit,
279 4138 514 4208 argutioremesse
529 4136 663 4191 Vertrauii
705 4137 836 4201 alu-‘isius
853 4132 1009 4206 ἠμέλησαν,
1038 4134 1065 4183 οἱ
1085 4131 1116 4185 δὲ
1131 4128 1177 4184 διὰ
1190 4137 1243 4202 psi-

103 4216 107 4221 '
124 4212 295 4282 opinionem.
333 4206 403 4276 Nam
418 4207 439 4260 si
452 4211 534 4285 prior
544 4209 665 4277 populus
705 4219 754 4287 σος
773 4203 820 4256 sol
839 4200 889 4270 τὴν
906 4201 976 4274 πρὸς
989 4197 1078 4255 αὐτὸν
1089 4200 1244 4270 ἀπέχθειαν

852 4275 938 4350 Ass
