2792 4642
175 219 227 295 ὅθ
571 210 883 288 ANNALIUM
1087 210 1229 310 walp

173 394 326 466 „pacem
343 393 451 465 qnam
469 369 604 441 bellum
626 371 831 463 probabam.
883 391 964 458 ergo
984 386 1166 462 raptorem
1188 373 1288 446 filiae

176 498 315 562 „meae,
347 474 558 543 violatorem
585 473 738 572 foederis
767 467 894 556 vestri,
929 467 1153 558 Aminiam,
1187 477 1287 568 apud

176 575 355 664 „Varnm,
382 576 445 668 qni
462 588 538 644 tum
553 574 722 645 exercitui
739 571 977 666 praesidebat,
1004 599 1105 644 reum
1121 575 1199 648 feci.
1226 577 1287 645 di·-

178 679 297 765 ‚,latus
322 676 470 767 segnitia
495 678 613 762 ducis,
645 677 730 770 quia
753 700 881 772 parum
904 677 1072 768 praesidii
1091 678 1131 745 in
1147 678 1287 768 legibus

179 793 298 867 „erat,
322 792 363 849 nt
373 804 430 849 me
442 792 477 849 ct
487 774 692 849 Arminium
707 790 741 846 et
753 778 910 848 conscios
923 778 1088 863 vinciret,
1115 780 1284 870 flagitavi.

178 881 301 969 „testis
324 882 387 950 illa
410 906 498 966 nox,
529 876 621 949 mihi
643 879 782 950 utinam
806 880 925 971 potius
947 880 1156 974 novissima!
1194 907 1288 975 quae

178 997 323 1070 „secuta
341 996 442 1068 sunt,
469 982 591 1052 defleri
603 981 715 1070 magis
731 1005 839 1073 qnam
850 981 993 1050 defendi
1006 997 1165 1074 possunt.
1194 998 1289 1053 cete-

114 1159 122 1172 ,
181 1109 291 1172 „rum
309 1099 343 1155 et
355 1085 462 1154 inieci
475 1097 613 1154 catenas
625 1077 792 1152 Arminio
805 1082 965 1256 Ἓξ
991 1108 1016 1156 n
1051 1085 1109 1154 e'u
1140 1086 1288 1155 iniectas

55 1225 78 1276 a,
167 1189 390 1279 ,perpessus
408 1209 498 1257 sum.
554 1180 672 1277 Atque
690 1184 755 1253 nbi
773 1152 847 1275 pi*
939 1096 1290 1278 middletum

179 1290 311 1376 „novis
327 1302 360 1359 et
373 1287 490 1381 quieta
503 1286 657 1356 turbidis
668 1280 878 1356 antehabeo:
894 1311 1008 1380 neque
1019 1289 1067 1359 ol)
1078 1290 1289 1380 praemium,

49 1439 53 1448 ‚
146 1449 149 1453 .
180 1393 269 1478 „sed
287 1403 328 1460 ut
344 1413 400 1462 me
417 1387 565 1480 perfidia
577 1389 771 1490 exsplvam,
797 1387 905 1457 simul
916 1390 1012 1478 genti
1024 1387 1290 1494 §remanorum

179 1493 355 1579 „idoneus
381 1489 605 1575 conciliator,
637 1490 669 1558 si
691 1490 947 1582 poenitentiam
967 1516 1074 1584 quam
1094 1492 1290 1583 perniciem

179 1593 378 1680 „maluerit
434 1590 505 1662 Pro
531 1591 675 1662 inventa
698 1604 735 1660 et
759 1616 878 1661 errore
899 1593 966 1661 fihi
988 1593 1130 1664 veniam
1147 1603 1288 1685 precor:

77 1697 80 1706 '
179 1694 315 1782 „liliam
334 1696 537 1765 necessitate
557 1691 627 1765 huc
646 1695 835 1764 adductam
853 1696 976 1766 fateor.
1005 1709 1106 1766 tuum
1118 1697 1185 1766 erit
1201 1721 1290 1766 con-

179 1797 352 1884 „sultare
379 1811 500 1866 utrum
518 1797 733 1889 praevaleat,
766 1798 864 1890 quod
884 1821 926 1865 ex
944 1797 1110 1867 Arminio
1129 1799 1290 1889 concepit

73 1893 75 1902 ’
180 1923 260 1985 „an
275 1899 371 1991 quod
395 1923 436 1968 ex
455 1923 512 1969 me
531 1899 647 1990 genita
667 1897 754 1970 est.''
804 1895 932 1969 Caesar
945 1899 1108 1969 clementi
1119 1924 1290 1991 responso

180 2001 301 2086 liberis
312 2001 592 2095 propinquisque
605 2000 680 2069 eius
694 1999 989 2084 incolumitatem,
1010 2000 1083 2092 ipsi
1096 2003 1215 2071 sedem
1225 2026 1291 2070 ve-

180 2116 253 2174 tere
279 2103 318 2171 in
340 2103 524 2195 provincia
549 2102 746 2195 pollicetur.
803 2097 1010 2170 Exercitum
1034 2104 1190 2188 redimit,
1222 2127 1292 2174 no-

180 2261 259 2316 lateat
285 2261 314 2314 in
339 2262 509 2329 probabam.
538 2260 591 2316 (cf.
615 2256 711 2311 Germ.
790 2259 841 2312 illa
866 2278 936 2315 nox.
978 2260 1109 2335 Respicit
1124 2261 1291 2325 convivium,

180 2349 205 2386 c.
220 2330 261 2384 18.
280 2334 331 2383 sed
342 2347 434 2396 ¹arma
448 2346 559 2386 ramere
576 2346 634 2379 non
645 2335 713 2379 ante
756 2327 789 2381 de
804 2348 860 2399 qno
875 2350 897 2384 c.
915 2329 958 2383 55.
982 2365 986 2370 -

178 2399 309 2467 cuiquam
323 2399 429 2464 mortis,
447 2416 534 2466 qaam
546 2398 644 2450 civitas
654 2395 712 2463 sus·
790 2397 891 2466 defleri
901 2402 992 2469 magis
1005 2418 1091 2468 qaam
1102 2400 1215 2467 defendi
1221 2416 1291 2465 pos-

64 2499 67 2506 .
166 2466 316 2537 ‚secturam
331 2468 505 2533 probaverit.
529 2466 556 2519 h.
570 2486 593 2519 e.
612 2464 713 2517 iudica·
754 2478 831 2520 sunt.
851 2468 977 2541 Spectant
991 2467 1267 2522 baccadGermanos.

180 2535 251 2593 verit
276 2544 302 2589 et
327 2535 488 2607 probaverit.
529 2535 596 2589 lbid.
624 2553 648 2587 c.
670 2531 712 2586 18.
792 2547 911 2590 catenas.
947 2535 1017 2589 Edd.
1033 2536 1289 2592 Beroaldlihenan.

180 2613 304 2659 manera
313 2607 439 2673 probant
451 2604 476 2658 h.
486 2624 510 2658 e.
526 2603 662 2662 indicant,
678 2621 714 2655 an
756 2605 818 2661 Atd.
835 2610 976 2659 iatnenae.
998 2661 1000 2668 ,

180 2674 320 2748 probanda
339 2673 402 2727 sint.
437 2672 550 2727 Sueten.
566 2672 615 2725 lul.
633 2690 656 2724 c.
669 2669 713 2722 65.
790 2678 946 2728 exsolvam.
981 2673 1051 2728 Edd.
1068 2674 1194 2729 Beroald.
1215 2674 1291 2728 Rhe·

181 2744 300 2797 militem
317 2761 406 2810 neque
423 2762 443 2795 a
460 2743 602 2806 moribus,
624 2757 714 2807 neque
757 2762 819 2798 nan.
834 2742 898 2794 Atd.
912 2741 1056 2803 exoletam.

179 2812 488 2893 oforianaprobabat.
526 2805 622 2863 Graeci
635 2808 715 2895 cipre-
758 2881 764 2896 ⁸
792 2813 951 2893 maluerit..
974 2810 1100 2894 Heinsius
1123 2822 1149 2865 et
1172 2810 1292 2883 Ryclius

134 2929 137 2936 ’
182 2878 717 3025 ttitttail'tttl·..ialtttff'wf‘
757 2879 1291 3003 tiittitltm'ttl‘tt‘ltnltttt·

214 3035 312 3086 pacem
331 3036 416 3085 qaam
434 3020 538 3070 bellum
551 3019 632 3083 prob.
670 3014 717 3067 Sta
794 3018 910 3069 iuventa
924 3026 951 3068 et
962 3035 1072 3070 errore.
1098 3016 1128 3070 iv
1141 3013 1291 3087 tettan,

87 3093 92 3102 ’
183 3083 278 3140 Germ.
299 3104 322 3138 c-
342 3085 382 3138 16.
408 3085 514 3139 Cedere
531 3088 606 3149 ioco,
630 3088 718 3136 dam·
757 3085 994 3158 qupdexemplnm
1008 3086 1089 3140 Roth.
1104 3088 1203 3141 ourisit.

182 3158 268 3208 modo
280 3170 379 3207 rursus
390 3154 490 3215 instes,
513 3155 621 3208 consilii
631 3170 717 3221 qaam
786 3164 889 3240 petram
905 3160 1095 3221 praevaleat..
1114 3147 1228 3227 ¹Lipsius
1253 3159 1294 3210 in·

102 3265 111 3274 .
178 3223 346 3294 formidinis
358 3224 545 3275 arbitrantur.
577 3221 664 3281 Ans.
674 3218 715 3274 1⁷.
758 3233 935 3293 terpretatur:
971 3225 1063 3287 „Uter
1087 3225 1146 3295 plns
1170 3226 1235 3278 iuris
1263 3227 1295 3280 in

185 3293 332 3348 materaria
358 3307 445 3359 qaam
467 3294 570 3345 invidia
592 3293 718 3358 aregeba·
760 3311 819 3347 eam
831 3291 926 3345 habeat
938 3293 964 3346 et
976 3295 1029 3345 utri
1044 3312 1137 3364 parere
1151 3293 1234 3361 magis
1248 3295 1293 3348 de·

187 3369 252 3426 tar;
280 3360 304 3419 5,
324 3361 350 3412 6.
374 3378 410 3411 ne
429 3362 599 3413 memoriam
622 3358 721 3411 nostri
760 3364 844 3428 hat,
858 3361 927 3427 patri
944 3382 979 3415 an
998 3362 1094 3414 marito
1114 3379 1176 3412 mor
1189 3363 1294 3431 patri.“

182 3447 236 3498 per
258 3446 422 3482 maerorem
446 3447 533 3510 qaam
557 3429 626 3482 laeti
647 3427 724 3481 rete}
1088 3493 1091 3500 ι

185 3515 206 3550 n
242 3498 287 3550 tis.
322 3497 348 3550 Α
368 3495 479 3552 Graecis
498 3508 537 3551 est
555 3497 620 3551 haec
639 3496 719 3548 ratio.
761 3499 836 3566 ineg
867 3518 893 3549 m
922 3497 1075 3551 Germanici
1099 3497 1201 3549 iudicio
1227 3520 1294 3570 per·

188 3565 387 3624 antemna.
399 3567 432 3619 ad
448 3566 538 3637 Viger,
554 3587 581 3638 p.
597 3565 649 3618 884
762 3517 874 3620 minifft

109 3651 111 3660 ³
222 3635 362 3688 exercitui
369 3636 557 3701 praesidebat
594 3634 640 3690 stc
655 3631 720 3685 infe·
763 3635 957 3690 consideranda
971 3634 1100 3696 sint‚-ct‚
1115 3637 1192 3706 qnod
1207 3641 1295 3691 exbr-

189 3703 230 3767 12,
242 3702 283 3757 87.
300 3704 389 3768 signis
402 3705 540 3758 Romania
548 3705 719 3771 praestitere.
762 3703 848 3758 minio
862 3703 1022 3773 conceperit,
1039 3704 1072 3756 ad
1085 3723 1209 3774 poenam,
1220 3708 1296 3778 quad

178 3770 337 3835 ditatae
356 3774 508 3839 legionibus
518 3773 625 3825 abente
633 3788 721 3838 prae·
763 3792 793 3825 ex
813 3781 921 3823 senata
940 3772 988 3834 sit,
1020 3772 1052 3825 ad
1075 3773 1182 3827 veniam
1202 3777 1296 3840 valeat,

188 3844 292 3896 sedata.
334 3840 435 3896 Contra
450 3845 611 3908 praesidere
631 3857 721 3892 exer·
762 3838 882 3896 Caesaris
895 3839 1006 3893 arbitrio
1020 3853 1117 3903 servat,
1136 3854 1228 3899 utrum
1241 3847 1296 3906 utri

188 3914 286 3974 citam,
307 3910 359 3964 An.
374 3909 453 3973 289.
466 3912 634 3976 proximam
648 3908 722 3960 Gal·
763 3908 898 3982 praeferre
912 3908 1012 3962 velit.”
1330 3901 1333 3926 ¹

793 3429 925 3482 einshem.
941 3430 1051 3486 rectius:
1066 3428 1172 3491 „Filiae
1185 3449 1295 3485 causam

56 4029 60 4038 ,
133 3982 141 3996 ⁸
188 3981 246 4033 liae
268 3982 351 4046 litat,
383 3979 409 4042 4,
434 3980 460 4033 5.
490 3982 578 4032 litora
598 3979 721 4044 Oceani,
798 3987 893 4031 vetere
912 3979 1112 4045 mprattinaia.
1149 3982 1217 4036 cod.
1232 3981 1297 4039 MS.

185 4049 266 4111 ddi.
283 4049 478 4109 Pannoniam,
504 4049 599 4109 tata
614 4047 721 4114 Meros,
764 4046 908 4116 vestigium
935 4047 1296 4107 rimavoceauntobscara.

189 4117 286 4176 1214.
313 4119 350 4173 cs.
370 4117 533 4174 Ramehom.
546 4116 605 4172 Gn·
619 4137 646 4190 p.
660 4116 723 4172 214.
764 4115 890 4171 Tradunt
907 4067 945 4171 iii
963 4137 1020 4172 esse
1038 4136 1129 4172 vaera
1147 4118 1190 4171 vel
1208 4118 1297 4175 simile
1320 4150 1323 4155 ·

189 4182 253 4239 Not,
725 4235 731 4248 ,
768 4185 844 4258 qnid.
865 4186 1296 4263 ludeidd.Beroald.Blrttt·eqq.

382 4281 388 4294 ι
489 4273 496 4299 l
1018 4293 1022 4303 ι

851 3605 859 3628 ,
879 3585 996 3637 cumque
1010 3566 1064 3618 duo
1085 3566 1114 3619 in
1132 3585 1161 3618 ea
1181 3571 1295 3623 maxime
1364 3603 1370 3616 .
