2792 4642
170 110 218 278 d
522 256 540 317 „
575 187 881 266 assumor
1096 182 1230 281 rau:

115 414 119 423 .
142 352 352 453 principis,
376 374 449 421 neu
465 348 638 421 tristiores
657 322 1077 441 primordioslacrimas,
1103 347 1285 440 gaudium,

163 471 325 555 questus,
349 453 591 524 adulationem
603 452 810 524 miscebant.
861 449 939 522 Sex.
952 448 1144 544 Pompeius
1160 463 1195 519 et
1203 448 1285 521 Sex.

163 559 364 665 Appuleius
388 579 474 628 coss.
499 555 609 648 primi
637 554 678 624 in
699 554 810 624 verba
831 550 973 623 Tiberii
993 551 1152 624 Caesaris
1185 552 1286 622 iura-

199 756 344 814 tri'sti‘ores.
395 753 464 811 Cod.
492 751 556 808 Ms.
584 762 613 807 et
639 750 703 805 edd·
745 749 884 806 sorberis
907 750 990 805 verbo
1016 753 1138 824 sequenti
1159 740 1285 804 innnrne·

163 825 290 883 Beroald.
311 825 398 878 Rben.
422 822 540 895 aliaeque
561 831 627 879 vett.
648 820 704 872 tri'-
745 839 830 891 raque
847 829 910 873 sunt
930 822 1048 892 exempla
1069 821 1188 875 eiusdem
1208 818 1287 882 viiii;

110 946 116 959 ,
163 898 241 952 atior.
277 894 332 948 Sed
351 893 413 966 quia
430 911 508 945 num.
525 892 592 963 sing.
607 891 636 949 in
649 890 704 942 tri-
745 888 842 942 deinde
856 892 1050 942 adulationem
1068 891 1097 943 in
1118 909 1195 943 num.
1214 887 1286 959 sing.

165 967 235 1022 stiur
251 964 357 1034 ineptus
371 981 427 1017 esse
441 961 598 1031 videbatur,
614 958 704 1012 Bero·
744 958 833 1028 aptius
865 958 1011 1028 respondet
1044 959 1175 1013 vocabulo
1209 975 1284 1025 gau·

166 1034 220 1090 ald.
242 1032 296 1086 iam
322 1029 513 1113 corrigendum
533 1029 704 1082 existimave-
744 1028 841 1088 dilim5
865 1026 980 1096 denique
999 1025 1045 1080 bic
1059 1047 1149 1081 sermo
1171 1026 1287 1080 debebat

165 1112 208 1158 rat
225 1101 375 1164 tristiores,
399 1099 480 1169 idque
494 1116 619 1168 recepere
631 1095 704 1167 Lips.
746 1114 804 1148 esse
826 1094 859 1147 de
879 1096 1044 1148 adulatione
1069 1097 1098 1150 in
1120 1096 1287 1157 universum,

167 1189 227 1255 ΜΗ.
258 1170 373 1224 editores
401 1166 523 1221 unanimi
560 1184 705 1235 consensu,
746 1181 806 1217 non
827 1164 860 1216 de
880 1165 1087 1219 adulationibus
1102 1164 1130 1218 b.
1146 1185 1170 1218 e.
1187 1165 1286 1220 adula-

163 1261 218 1296 nisi
238 1239 312 1310 quod
327 1238 458 1291 Rhenano
481 1245 624 1306 praeeunte
647 1234 702 1289 lac.
746 1231 828 1285 tionis
850 1232 982 1285 formulis.
1024 1234 1081 1288 Iam
1101 1244 1212 1304 questus
1234 1250 1286 1284 ac·

165 1308 325 1364 Gronovius
343 1300 704 1376 sumpserit'desendendam
746 1301 807 1370 cipe
823 1320 885 1361 eos,
903 1302 964 1371 quis
975 1315 1097 1374 ereptum
1113 1303 1213 1371 eivitati
1224 1304 1288 1355 Au·
1375 1353 1377 1363 ,

164 1378 241 1434 Msii
257 1377 402 1444 leuiorem
417 1392 476 1426 eam
498 1392 531 1425 ue
550 1371 705 1437 restituerit,
747 1379 854 1439 gustum
886 1370 1112 1437 lamentarentur3
1147 1362 1287 1427 adulatio·

165 1447 336 1520 adprobante
346 1441 442 1496 Curtio
466 1392 623 1495 alsatios.
642 1439 703 1496 Cat.
745 1457 809 1520 neni
836 1458 918 1504 vero,
949 1459 1003 1522 qua
1028 1442 1184 1495 extollerent
1208 1460 1287 1514 spem

166 1536 192 1571 e.
213 1518 270 1577 10.)
294 1510 500 1585 reprobantibus
521 1508 719 1581 Wopkensioss
746 1507 862 1562 civitatis
882 1508 912 1562 in
932 1507 1043 1563 Tiberio
1065 1511 1190 1581 positam.
1237 1509 1288 1564 sie
1311 1546 1316 1570 ,

165 1595 192 1640 et
204 1581 330 1638 Wolfio.
366 1580 497 1634 Fortassis
515 1590 606 1634 tamen
621 1578 705 1634 Taci·
738 1578 841 1643 omnia
869 1578 939 1633 bene
964 1576 1109 1632 cohaerent
1136 1591 1217 1663 atque
1237 1579 1288 1633 in·

164 1664 208 1709 tus
237 1650 325 1707 soluit
360 1650 467 1712 dicere,
504 1649 608 1703 vultum
643 1647 704 1702 illos
746 1646 836 1699 vicem
859 1647 910 1700 sibi
936 1667 979 1701 res
999 1647 1109 1701 ondent.
1157 1649 1286 1702 borisen·

164 1720 365 1792 composuisse,
383 1738 419 1771 ne
431 1717 492 1771 laeti
505 1736 612 1772 excessu
624 1718 704 1789 prin·
745 1714 817 1768 tiunt
845 1734 954 1770 mecum
973 1666 1006 1769 sie
1027 1715 1132 1770 Heinsii
1153 1716 1287 1770 emenda-

164 1790 232 1862 oipis
256 1789 363 1843 vultum
384 1797 489 1851 essent,
516 1805 704 1857 unuinquem-
746 1783 820 1837 tione
843 1784 995 1857 recipienda
1010 1783 1139 1840 Wolfius
1154 1796 1183 1840 et
1197 1786 1287 1840 Herr-

165 1878 219 1933 que
237 1867 328 1913 autern
351 1855 431 1911 simul
453 1875 567 1929 operam
590 1855 703 1919 dedisse,
745 1872 862 1906 mannus
886 1854 915 1906 in
946 1854 1017 1908 notis
1042 1854 1076 1907 ad
1102 1855 1129 1909 b.
1160 1854 1177 1913 Ι,
1209 1855 1287 1909 Bek-

163 1947 200 1982 ne
222 1927 317 1983 ceteris
345 1925 450 1981 tristior
476 1924 642 1996 primordio,
671 1934 704 1977 nt
746 1918 826 1975 leros
858 1921 953 1976 maluit
980 1921 1065 1995 Lipsii
1093 1926 1289 1990 adulationes:

163 2007 270 2053 vertas:
285 1997 391 2049 ‚damis
409 1996 449 2047 si'e
464 1996 541 2047 nieht
560 1995 650 2047 beiter
662 1994 709 2046 bea‘
747 1989 940 2050 Lilnernannus
958 1992 1091 2067 vulgatam
1105 1995 1287 2059 adulatione,

163 2070 232 2119 dem
248 2064 384 2131 Hi'irgarig
401 2067 452 2116 des
470 2063 610 2125 Fr’i'rsteri,
635 2065 704 2114 oder
747 2077 815 2129 quae
839 2070 928 2113 tamen
949 2079 1044 2114 manca
1065 2072 1105 2114 est
1124 2082 1287 2135 semperque

165 2133 553 2189 emarruberbei‘mAnenti.
585 2130 704 2184 Facilior
746 2127 811 2186 erit,
829 2129 1287 2202 quamcunque·interpretationem

164 2203 236 2258 baud
252 2202 333 2256 dubie
349 2212 389 2254 est
403 2211 510 2272 recepta
524 2200 577 2254 scri
597 2210 670 2252 tura.
744 2195 828 2249 ineas·
874 2195 945 2251 Nam
967 2200 1103 2263 lacrimae
1124 2200 1163 2253 nti
1186 2200 1288 2257 babent
1352 2258 1361 2264 ,
1394 2226 1395 2233 ’

199 2273 400 2325 adulationem.
445 2269 513 2324 Cod.
545 2219 607 2322 Mi.
640 2265 702 2320 edd.
743 2266 898 2334 gaudium,
917 2267 957 2320 ita
973 2278 1084 2337 questus
1096 2281 1214 2340 poscunt
1228 2291 1286 2327 vo·

164 2336 636 2394 Beroatd.Rhenntldaaulattms.
666 2336 704 2388 As
746 2334 891 2398 cabulum,
909 2336 953 2390 cui
969 2357 986 2389 o
1026 2349 1151 2390 oriantur.

166 2409 258 2465 videre
270 2408 319 2461 viri
333 2407 421 2470 docti,
439 2407 633 2460 inconcinnam
646 2422 704 2458 esse
781 2407 940 2471 Appuleius.
1019 2407 1045 2459 d.
1063 2415 1126 2458 vett.
1137 2407 1283 2472 Apuleius.

165 2478 236 2532 banc
257 2476 413 2541 lectionem.
448 2474 518 2529 Nam
534 2475 596 2546 quia
615 2473 705 2527 lacri-
745 2467 800 2525 Sed
815 2468 850 2527 cf.
860 2473 1021 2528 Ramsborn.
1035 2473 1083 2527 Gr.
1102 2479 1128 2541 §.
1141 2478 1182 2528 15.
1200 2496 1227 2549 p.
1239 2478 1284 2533 18.

167 2548 223 2611 inis
245 2546 394 2669 opponitur
413 2544 562 2612 gaudium.
593 2552 706 2614 questus
780 2543 811 2593 tn
831 2544 918 2595 verba
935 2544 1039 2596 Tiberii
1056 2543 1184 2598 caesaris
1203 2550 1286 2599 iura·

166 2635 226 2670 non

272 2615 386 2668 eebant
408 2632 465 2666 esse
487 2614 545 2667 sine
567 2613 711 2684 opposito.l
746 2625 823 2666 vere.
865 2612 904 2664 Iri
928 2613 1044 2665 ali'cuius
1074 2614 1161 2666 verba
1185 2616 1284 2671 iurare
1392 2624 1393 2661 1

165 2684 239 2739 ilinc
262 2684 392 2739 Muretus
416 2681 581 2737 coniecerat:
614 2681 705 2733 lacri—
746 2690 852 2735 voxest
866 2699 954 2752 neque
968 2681 1076 2752 propria
1094 2682 1284 2761 gladiatorum,
1391 2712 1393 2720 v

166 2771 231 2808 mas
260 2753 374 2820 (audio,
404 2761 515 2821 questus
541 2752 706 2805 adulatione
746 2748 787 2801 uti
809 2747 948 2812 Muretus,
967 2769 1062 2822 neque
1089 2747 1221 2816 rnilitum',
1252 2765 1289 2808 ut

166 2824 330 2876 mucelam.
355 2820 495 2875 Ernestius
509 2821 639 2874 malebat:
656 2821 705 2871 la·-
747 2828 840 2870 censet
852 2817 873 2870 I.
887 2818 933 2872 Fr.
950 2816 1105 2872 Gronovius
1111 2839 1120 2883 ;
1137 2821 1220 2873 immo
1237 2842 1283 2875 so·

165 2893 260 2944 trimis
284 2892 434 2956 gaudium,
465 2900 575 2957 questus
599 2890 706 2944 adula-
746 2884 843 2939 lemnis
872 2896 911 2940 est
939 2887 972 2941 de
998 2889 1095 2958 quovis
1112 2889 1283 2957 iuramento,
1391 2886 1392 2953 J

167 2960 241 3012 tione
255 2977 293 3010 m.
329 2957 392 3010 Non
413 2960 514 3030 patitur
530 2958 618 3013 Taciti
639 2975 705 3011 usus
747 2950 821 3024 quod
843 2953 873 3008 fis
895 2957 923 3008 in
946 2958 1096 3029 praeeuntis
1115 2960 1212 3019 verba,
1237 2960 1284 3015 vel

166 3026 305 3097 loquendi.
348 3025 418 3079 Nam
439 3026 508 3080 llist.
527 3027 553 3094 8,
572 3021 616 3079 74'.
646 3044 704 3079 non
767 3042 802 3075 uo
825 3024 885 3095 quis
909 3025 1085 3094 obstringitur
1112 3027 1201 3080 alicui.
1243 3029 1282 3085 ci.
1390 3034 1391 3037 ’

165 3096 274 3150 scribit:
303 3095 399 3147 mi'rias
423 3087 632 3147 adulationibus
659 3093 705 3148 vel
777 3092 830 3145 vid.
844 3094 903 3148 Art.
916 3097 1012 3158 smil,
1025 3094 1099 3147 687..
1113 3095 1187 3148 Flor.
1202 3096 1282 3160 s,16.

168 3165 254 3217 muris
265 3164 457 3226 eddadem,
472 3163 518 3216 sed
527 3165 621 3216 miiias
629 3167 704 3216 adu-¹
745 3161 974 3232 frequentissima
987 3183 1050 3217 sane
1061 3174 1104 3219 est
1117 3165 1234 3219 formula
1247 3168 1282 3221 de
1389 3188 1390 3223 ὲ

165 3234 339 3303 latioresque
353 3233 456 3285 mi‘scet.
493 3233 547 3285 Ao.
561 3232 587 3296 8,
596 3233 639 3286 67.
656 3235 704 3285 i'n·
746 3231 875 3284 militibus
896 3233 960 3287 duci
979 3232 1129 3286 iurantibus
1144 3254 1172 3287 se
1186 3236 1215 3287 in
1228 3235 1283 3290 side
1388 3228 1390 3283 i

165 3303 274 3354 ui'di'am
290 3310 317 3354 et
331 3318 425 3368 preses
441 3303 599 3356 miscuerat.
634 3301 704 3355 Hist.
746 3318 899 3354 mansuros.
936 3300 972 3354 ci
992 3301 1051 3355 liv.
1069 3303 1111 3365 22,
1126 3301 1170 3356 88.
1196 3304 1281 3365 845.
1389 3358 1390 3385 ¹

166 3371 244 3435 270.
255 3372 353 3439 salsa,
371 3387 442 3423 vera
454 3379 504 3423 aut
518 3373 705 3424 maioravero
746 3379 773 3422 et
786 3368 859 3423 alibi.
886 3370 963 3427 ,velt
978 3371 1063 3432 220.
1108 3372 1179 3426 Hinc
1199 3375 1282 3427 etiam

166 3441 330 3495 miscebant.
369 3438 441 3493 Plio.
464 3439 597 3512 Panegyr.
619 3439 660 3499 19,
674 3437 702 3492 8.
745 3437 818 3493 valet
832 3438 866 3490 de
879 3438 937 3491 iure
951 3439 1081 3503 iurando,
1099 3458 1155 3514 quo
1170 3441 1233 3495 inde
1247 3436 1282 3498 ab
1388 3484 1389 3509 ,

166 3510 704 3579 i‘roperaioremwmmi'tiiommquemi'-
747 3506 809 3559 iulii
834 3505 953 3561 Caesaris
974 3510 1088 3578 imperio
1112 3511 1205 3563 cuncti
1230 3530 1283 3581 pro
1388 3529 1389 3537 ¹

166 3595 287 3634 seueras.
337 3576 418 3630 Aliud
446 3587 485 3630 est
513 3577 582 3631 llist.
605 3582 635 3643 4,
656 3578 702 3632 49.
745 3575 830 3631 salute
849 3578 930 3629 unius
952 3597 980 3631 se
1003 3579 1207 3648 obstringerent.
1245 3580 1283 3634 cf.
1353 3638 1357 3643 ,

50 3702 55 3711 ,
164 3648 268 3716 gaudio
291 3647 508 3714 clamoribusque
527 3658 627 3701 cuncta
646 3649 705 3700 mi'·
746 3643 822 3699 Suet.
838 3644 889 3697 lul.
905 3665 930 3698 c.
945 3645 988 3700 84.
1027 3648 1143 3719 Appian.
1156 3647 1189 3700 B.
1207 3645 1283 3713 CA,

151 3719 292 3772 ‘saebanh
326 3713 395 3767 llist.
410 3714 436 3777 8,
448 3714 491 3768 72.
513 3726 613 3769 cunda
630 3734 705 3770 san·
747 3714 808 3769 124.
831 3713 890 3766 145.
925 3715 981 3769 Dio
997 3715 1039 3779 58,
1054 3719 1099 3770 20.
1140 3717 1197 3770 lam
1214 3736 1313 3773 vero·

166 3787 262 3853 garire,
271 3785 371 3852 ferro,
379 3781 562 3854 flammisque
572 3787 703 3840 murenis
745 3782 871 3836 Tiberius
922 3785 1025 3837 omodo
1037 3786 1126 3856 potuit
1139 3787 1179 3839 ius
1192 3787 1285 3840 iuran-¹

168 3855 213 3909 ub‘
236 3855 351 3907 miseere
371 3852 503 3933 significat
521 3853 703 3924 confundere,
746 3852 812 3905 dum
836 3798 920 3905 illud„

168 3933 199 3976 tu
232 3941 293 3977 are.
340 3921 441 3975 Melius
464 3920 584 3993 Lipsius:
616 3927 703 3978 lacri-
746 3921 843 3993 biguus
870 3920 958 3973 videri
978 3922 1147 3993 imperandi?
1190 3925 1286 3981 Potuit

73 4042 79 4049 ,
167 4010 246 4051 mas,
268 3988 416 4057 gaudium,
446 4002 570 4061 questus.
599 3986 705 4046 adula-
746 4010 795 4063 per
824 3999 983 4061 potestatem
1009 3992 1198 4057 tribuniciam,
1229 4013 1286 4063 qua

167 4063 307 4114 ironeam.
334 4059 455 4114 attins
472 4058 498 4119 8,
513 4059 556 4113 74.
592 4060 704 4134 Optime
747 4068 804 4113 erat
824 4058 966 4130 praeditus.
1014 4059 1084 4114 Nam
1108 4063 1208 4115 tribuni
1227 4060 1285 4133 ple·

167 4128 308 4183 Heinsius:
325 4131 528 4183 adulatibmm.
561 4127 631 4184 Nam
650 4134 704 4204 pri·
747 4129 788 4183 bis
801 4128 956 4198 antiquitus
971 4140 1047 4183 erant
1062 4132 1223 4186 sacrosanti
1240 4152 1286 4184 re·

166 4215 243 4251 nium
259 4197 344 4255 litters
362 4217 393 4252 m
411 4197 540 4256 facillime
554 4202 642 4281 potuit
658 4203 704 4258 ab·
746 4209 804 4255 tere
826 4197 1013 4254 iureiurando
1029 4197 1125 4272 plebis.
1160 4199 1197 4257 ci.
1220 4200 1283 4260 liii.

924 3852 1065 3907 admittere
1081 3866 1107 3909 et
1124 3864 1212 3908 tamen
1226 3875 1284 3908 ani·
1380 3838 1387 3881 ‘l
