2792 4642
197 145 273 218 soo
571 119 902 214 ‘lunanum
1119 134 1256 234 2353}

197 315 239 373 nt
258 307 443 370 contusus
462 307 561 367 esset.
612 292 735 390 Neque
754 319 844 366 raro
861 318 975 389 usqam
990 296 1086 385 apud
1101 322 1233 390 paucos
1252 314 1307 388 ta-

196 406 245 474 lia
265 401 429 471 iaciebat:
461 412 497 467 et
516 411 647 472 secreta
664 422 807 493 quoque
827 398 902 468 eius
919 410 1085 490 corrupta
1097 425 1208 472 uxore
1221 428 1307 495 pro-

194 507 380 577 debantur.

197 659 204 676 .
292 601 396 677 Vlll.
422 600 536 693 Igitur
550 600 699 673 Seianus
714 602 968 672 maturandum
985 616 1082 673 ratus
1098 604 1224 695 deligit
1242 632 1305 676 ve-

192 732 342 795 nenum,
370 730 442 801 qno
463 703 633 797 paulatim
653 703 836 795 inrepente
854 705 1023 776 fortuitus
1042 708 1189 778 morbus
1207 711 1304 778 adsi-

190 812 398 882 mutaretur.
430 807 468 877 id
481 803 600 877 Ilmso
619 807 743 876 datum
763 830 828 897 per
844 804 1009 900 Lygdum
1027 810 1239 899 spadonem,
1262 826 1304 881 ut

140 921 144 936 '
189 928 269 985 octo
294 924 377 1004 post
401 932 515 979 annos
535 907 718 997 cognitum
738 917 802 981 est.
860 906 1028 979 Ceterum
1048 907 1217 990 Tiberius
1234 918 1304 1004 ‘per

189 1037 313 1087 onmes
328 1010 543 1082 valetudinis
556 1009 632 1079 eius
643 1009 720 1079 dies
736 1011 838 1080 nullo
850 1024 967 1096 metu,
990 1034 1040 1080 au
1052 1026 1093 1083 ut
1109 1014 1301 1084 firmitudi-

189 1142 274 1191 nem
293 1114 405 1192 animi
425 1124 632 1196 ostentaret,
669 1112 777 1181 etiam
797 1114 963 1184 defamcto
984 1115 1139 1184 necdum
1160 1117 1298 1208 sepulto

149 1209 153 1218 ¹
187 1220 322 1291 curiam
339 1217 515 1306 ingressus
531 1226 593 1286 est
626 1214 859 1308 consulesque
878 1217 960 1284 sede
975 1216 1199 1309 mdgariper
1219 1243 1299 1314 spe-

185 1325 278 1398 ciem
302 1318 496 1389 maestitiae
518 1316 677 1402 sedentes
695 1310 844 1386 honoris
864 1315 1003 1410 locique
1025 1319 1227 1390 admonuit:
1262 1334 1298 1392 et

185 1425 337 1495 effusum
351 1420 391 1489 iu
405 1418 569 1489 lacrimas
581 1431 742 1488 senatum
755 1413 849 1496 victo
862 1418 996 1508 gemitu
1008 1419 1115 1491 simul
1134 1423 1296 1493 oratioue

183 1524 353 1598 continua
366 1522 484 1593 erexit.
533 1517 617 1590 Non
628 1522 773 1615 quidem
786 1521 855 1590 sihi
869 1521 1034 1611 ignarum
1058 1546 1160 1614 posse
1182 1527 1295 1615 argui,

183 1624 647 1724 quodtamreeeutidolore
660 1622 813 1694 subierit
821 1624 944 1694 oculos
957 1638 1112 1696 senatus:
1137 1626 1293 1718 vixpro-

180 1731 400 1825 pinquorum
412 1724 578 1819 adloquia
591 1724 754 1810 tolerari,
778 1725 838 1794 vir
850 1725 945 1795 diem
958 1726 1069 1818 aspici
1079 1751 1101 1795 a
1114 1728 1292 1823 plerisque

179 1830 390 1922 lugentium.
419 1849 535 1922 neque
548 1826 630 1896 illos
641 1826 894 1899 imbecillitatis
911 1829 1146 1898 damnandos:
1178 1853 1217 1919 se
1239 1845 1292 1900 ta-

180 1958 265 2005 men
288 1930 437 2003 fortiora
462 1929 586 2000 solatia
611 1953 632 1998 e
654 1929 840 2021 complexu
858 1929 1093 2020 reipublicae
1114 1932 1290 2023 petivisse.
1377 1969 1378 1972 ¹

177 2038 432 2126 miseratusque
444 2025 624 2121 Augustae
643 2044 834 2102 extremam
855 2044 1058 2117 senectam,·
1077 2033 1207 2103 rudem
1227 2036 1291 2104 ad-

177 2135 251 2209 huc
266 2150 435 2229 nepotum
449 2146 484 2202 et
496 2145 697 2221 vergentem
715 2147 866 2222 aetatem
887 2156 1006 2218 snam,
1030 2148 1071 2203 nt
1083 2133 1290 2207 Germanici

176 2239 284 2311 liberi
297 2235 402 2308 unica
415 2232 654 2326 praesentium
667 2235 846 2330 malorum
863 2234 1062 2310 levamenta
1075 2236 1288 2308 induceren-

175 2358 253 2426 tur,
289 2336 426 2431 petivit.
482 2332 626 2425 Egressi
645 2337 808 2430 consules
831 2339 988 2408 firmatos
1007 2339 1177 2433 adloquio
1199 2342 1288 2411 adu-

172 2440 384 2515 lescentulos
397 2438 636 2532 deductosque
648 2437 923 2512 anteCaesarem
935 2453 1102 2513 statuunt.
1144 2441 1287 2530 Quibus

174 2543 374 2638 adprensis,
405 2537 556 2627 „Patres
578 2543 786 2633 conscripti,
817 2538 923 2626 lios‚''
951 2543 1088 2635 inquit,
1117 2546 1287 2629 „orbatos

172 2659 343 2741 „parente
358 2642 490 2715 tradidi
504 2658 631 2735 patruo
645 2644 804 2735 ipsorum
816 2656 1044 2737 precatusque
1060 2669 1158 2732 snm,
1171 2672 1287 2741 qnan-

171 2873 473 2934 visnominetnrdeus.
507 2872 545 2928 cl.
558 2870 617 2928 Cic.
630 2869 708 2928 deN.
749 2874 882 2929 vocabulo
896 2873 931 2929 ef.
944 2872 1002 2929 cic.
1014 2872 1047 2928 ad
1062 2875 1119 2933 div.
1133 2876 1201 2940 4,ss
1228 2876 1282 2931 No·

171 2948 211 3006 D.
228 2944 310 3010 228.
748 2952 804 2999 ster
817 2944 986 3015 supr.2.82.

204 3025 237 3072 ut
260 3020 411 3066 contentus
434 3021 516 3066 esset.
562 3009 597 3064 Η.
624 3028 649 3064 e.
671 3028 707 3064 ne
780 3016 880 3067 rudem
912 3016 1001 3065 αάΙωι
1027 3024 1172 3080 nepotum.
1226 3015 1282 3068 Er-

169 3077 706 3219 lffllffiauffaissmpiil‘ii
746 3079 1217 3217 liil'il‘ssliss'l‘ldllmd‘m
1230 3089 1283 3138 ’δ’

184 3173 203 3206 u
532 3188 539 3203 0
639 3186 647 3201 ο
694 3183 704 3201 ο
1068 3171 1087 3203 0
1115 3171 1146 3204 m
1190 3171 1284 3207 Sussm·

165 3222 195 3286 7,
206 3221 251 3274 29.
267 3218 459 3272 euitahonore
470 3216 687 3283 contentusfoit·
746 3218 835 3272 lmmo
855 3220 995 3273 miseratus
1015 3230 1054 3274 est
1071 3224 1172 3273 rudem
1190 3226 1282 3275 αάΙιυσ

170 3343 173 3348 .
203 3288 273 3344 Csl’.
286 3288 312 3342 8.
330 3295 574 3354 oetoposnmos.
598 3285 634 3338 ef.
648 3283 705 3338 Dio
745 3297 878 3355 nepotum
887 3297 1012 3341 aetatem
1025 3297 1052 3340 et
1065 3300 1224 3356 uergentem
1235 3309 1283 3343 aa·

133 3409 139 3428 ,
168 3360 275 3419 58,11.
320 3355 387 3409 Mox
404 3364 467 3409 vett
490 3356 552 3410 edd.
571 3356 704 3406 adiudi-
746 3366 837 3410 tatem
872 3374 962 3411 suom.
1014 3357 1055 3410 Ne
1074 3360 1233 3414 otcs.enim
1265 3378 1281 3413 e

168 3431 221 3484 πίε.
745 3426 840 3479 Druso
853 3424 976 3479 habebat.
1012 3376 1170 3481 videmos:
1207 3446 1279 3480 uan-

202 3498 269 3552 sede
289 3491 411 3556 vulgari.
446 3489 480 3544 ll.
494 3511 519 3547 e.
535 3511 588 3563 qua
605 3491 653 3549 vul
690 3510 704 3544 s
744 3514 832 3620 ἔξω
853 3505 927 3548 esset
949 3495 996 3546 illi
1015 3498 1138 3562 propria
1159 3515 1193 3549 su
1241 3515 1278 3549 es.

167 3574 323 3621 senatorum
352 3558 445 3614 sedere
468 3560 580 3616 solebat.
629 3560 703 3613 Aras
803 3564 898 3618 estium
912 3582 975 3616 eum
985 3562 1038 3617 fide
1050 3575 1157 3620 secutus
1170 3576 1210 3620 est
1221 3566 1279 3619 Ru-

169 3632 293 3698 consulqe
304 3627 402 3696 insigni
414 3628 476 3684 sede
490 3629 643 3685 utebantur.
660 3628 703 3682 si·
743 3634 854 3706 partius.
890 3630 1053 3686 Allitamen
1072 3633 1170 3687 rectius
1188 3635 1279 3690 locum

168 3703 233 3760 mile
248 3699 312 3772 quid
327 3696 429 3750 sactum
443 3697 524 3754 estin
537 3709 626 3751 morte
639 3699 702 3750 Λιι-
743 3720 901 3776 percepere„
1047 3705 1050 3712 ’

218 3769 247 3823 ti.
276 3768 313 3823 ef.
333 3765 388 3822 Dio
411 3764 454 3829 56,
471 3764 515 3821 31.
538 3766 701 3829 ἐκαθέζοντο
777 3770 934 3837 adprensu.
969 3767 1016 3824 Sic
1035 3769 1097 3825 cod.
1117 3770 1181 3824 MS.
1218 3772 1280 3828 Non

166 3792 429 3911 dl’otptunotlot,
457 3829 495 3896 ὥς
511 3854 568 3888 71ου
587 3836 703 3897 ἕκαστος
743 3850 784 3894 est
804 3858 899 3901 causa,
928 3858 978 3894 eur
997 3839 1164 3903 reiiciamus,
1194 3861 1278 3909 quum

165 3906 274 3977 stridet,
294 3909 323 3962 οἱ
339 3901 370 3959 d'
386 3901 486 3959 ὕπατοι
505 3900 580 3959 κάτω
595 3906 627 3959 ἔν
644 3910 702 3967 τοῖς
742 3929 773 3962 su
793 3928 823 3961 ra
841 3907 868 3975 3,
888 3905 930 3961 53.
950 3911 1160 3974 depr-cuderem
1180 3929 1196 3964 e
1215 3911 1277 3964 cod.

163 3976 280 4051 βάθροις
285 4016 295 4044 ,
312 3972 329 4031 ὃ
341 3975 396 4047 μὲν
408 3974 446 4059 rqi
459 3974 515 4027 τῶν
526 3976 698 4047 στρατηγῶν,
742 3928 804 4029 Ml.
818 3976 847 4028 ln
860 3985 958 4030 textum
971 3977 1006 4031 sit
1021 3988 1171 4048 receptum.
1205 3978 1275 4036 an.

165 4044 225 4103 ὅδὲ
234 4048 279 4115 ,τῷ
292 4047 349 4102 τῶν
363 4044 521 4115 δημαρχων.
742 4044 871 4100 Βετ.ΑΙο.
885 4043 1007 4102 Rhenan.
1020 4046 1083 4099 Ata.
1098 4066 1158 4132 sqq.
1173 4051 1277 4119 adpre-

137 4126 140 4132 ’
199 4132 215 4184 p
239 4117 389 4180 wmptexu
411 4114 456 4168 rei
475 4112 614 4179 publicae.
635 4179 637 4184 Α
657 4111 700 4167 De
742 4113 855 4174 densis,
874 4113 915 4169 ed.
929 4114 1026 4172 Kiessl.
1040 4117 1196 4184 oppansis.
