2792 4642
138 217 276 319 bisti:
406 219 596 309 ,ΗΜ
646 219 853 302 cAP.1s.
1155 225 1202 296 si

67 430 70 435 -
89 384 287 456 tradidere:
312 400 506 473 omnesque
521 391 660 473 praeter
673 374 851 470 [cpidum
864 376 972 450 variis
986 403 1069 449 mox
1083 379 1205 451 crimi-

20 516 22 525 .
89 487 198 554 nibus
213 497 367 555 struente
380 479 530 552 Tiberio
540 480 773 550 circumventi
789 495 884 555 sunt.
933 477 1054 552 Etiam
1069 479 1116 572 Q.
1127 481 1205 553 Ha-

88 588 202 657 terius
229 600 264 656 ct
287 582 489 653 Mamercus
508 583 663 657 Scaurus
693 582 907 674 suspicacem
933 586 1093 653 animum
1184 628 1205 645 -
1326 636 1329 643 .
1376 628 1377 637 κ

89 690 285 778 Qerez-
305 684 490 770 Haterius,
514 682 777 767 cum'dixisset‚
810 683 1030 779 „Quousque
1040 610 1242 778 -paffigris

88 788 257 876 „Caesam
277 812 355 857 non
367 787 486 857 adesse
495 801 602 879 caput
616 786 669 855 rei
682 785 893 878 publicae?”
913 786 1094 874 Scaurus,
1118 791 1206 883 quia
1272 846 1276 855 ,

86 895 244 976 dixerat,
267 913 365 982 spem
379 913 452 958 esse
465 914 506 959 eii
519 912 580 973 eo,
602 912 677 957 non
691 887 817 958 inritas
831 888 909 957 fore
921 903 1061 960 senatus
1072 916 1203 983 preces,

87 995 185 1090 quod
209 988 581 1063 relationieonsulnm
596 990 675 1060 iure
693 990 905 1060 tribuniciae
928 995 1109 1083 potestatis
1126 1012 1202 1065 non
1268 1042 1274 1048 -

86 1092 349 1189 intercessisset.
371 1165 376 1170 ,
401 1091 445 1163 ln
463 1091 652 1163 Haterium
672 1093 792 1162 statim
814 1092 974 1163 invectus
993 1108 1065 1164 *ests
1091 1092 1225 1167 Scau--

86 1223 186 1283 runi,
230 1197 289 1268 cui
312 1196 575 1288 implacabilius
602 1195 834 1281 irascebatur,
870 1195 1021 1265 silentio.
1039 1197 1202 1272 tramisit.

84 1303 270 1393 fessusque
291 1287 444 1368 clamore
463 1298 642 1382 omnium,
667 1297 946 1389 expostulatione
968 1299 1202 1387 singulorum,

86 1403 183 1487 fierit
199 1400 390 1495 paulatim,
414 1424 490 1470 non
509 1414 552 1470 ut
569 1401 738 1475 fateretur
757 1400 888 1491 suscipi
908 1424 929 1469 a
946 1423 984 1490 se
1000 1399 1202 1492 imperium,
1290 1422 1294 1429 ⁴

65 1507 144 1573 ·sed
162 1519 206 1574 ut
230 1496 359 1592 negare
387 1516 422 1572 et
445 1501 564 1591 rogari
592 1502 777 1595 desineret.
835 1500 983 1572 Constat
1002 1499 1202 1595 Haterium,

88 1631 167 1674 cum
185 1605 403 1697 deprecandi
419 1628 522 1673 causa
535 1604 708 1699 palatium
726 1602 906 1673 introisset
917 1605 1201 1700 ambulantisque

88 1705 236 1778 Tiberii
261 1730 373 1796 genua
400 1707 665 1791 advolveretur,
702 1731 813 1799 prope
838 1730 859 1775 a
887 1707 1061 1777 militibus
1087 1708 1201 1779 inter-

87 1810 239 1895 fectum,
264 1810 347 1903 quia
361 1806 546 1893 Tiberius,
566 1831 653 1878 casu
669 1832 716 1876 an
730 1807 895 1878 manibus
911 1808 985 1876 eius
998 1807 1199 1899 impeditus,

20 1984 22 1989 ,
86 1914 297 2000 prociderat.
355 1920 476 2005 ‚neque
501 1924 618 1983 tamen
646 1909 804 2002 periculo
828 1909 908 1983 talis
929 1908 999 1977 viri
1019 1910 1199 2000 mitigatus

88 2029 152 2099 est,
184 2017 303 2083 donec
323 2008 700 2107 Haterius‘llugustam
719 2024 837 2085 oraret
858 2010 1002 2106 eiusque
1020 2013 1199 2083 curatissi-

20 2140 22 2145 ’
87 2116 149 2184 mis
162 2110 333 2208 precibus
347 2102 598 2209 protegeretur.

58 2322 61 2331 =
117 2311 227 2348 omnes.
272 2293 335 2347 Piso
355 2291 421 2346 intr.
440 2292 521 2353 8‚'15·
557 2295 621 2349 Asi·
662 2295 948 2367 basunt'impatientis
957 2304 983 2348 et
993 2295 1109 2349 obscure
1126 2294 1197 2348 idem

87 2357 142 2415 nius
155 2362 256 2417 Gallus
268 2363 293 2423 6,
305 2362 348 2416 23.
377 2362 526 2438 pirruntius
540 2364 567 2423 6,
578 2366 620 2418 48.
661 2365 832 2436 significant,
856 2365 929 2436 quod
946 2384 962 2417 a
982 2364 1019 2417 ud
1037 2365 1113 2421 Suet.
1133 2360 1195 2418 Tib.
1219 2384 1221 2391 ⁴

87 2427 149 2483 Nam
167 2451 329 2503 quanquam
349 2430 484 2484 incertum
503 2430 621 2493 habeba-
663 2453 686 2486 c.
699 2435 743 2486 24.
757 2451 827 2486 unus
839 2432 869 2486 in
886 2385 999 2486 'umuiiu
1015 2431 1196 2504 proclamasse

87 2505 140 2562 tur,
177 2511 280 2573 sponte
304 2498 414 2563 Asinius
440 2498 549 2560 Gallus,
586 2519 620 2554 an
663 2502 777 2555 dicitur:
806 2505 864 2555 Aut
896 2513 966 2569 agot
989 2513 1039 2553 out
1068 2505 1196 2557 desecet.

48 2615 52 2622 .
88 2570 244 2633 necessitate
262 2567 423 2635 decesserit,
450 2587 507 2622 non
531 2578 620 2623 tamen
644 2570 696 2635 ,Ei
708 2570 760 2623 nisi
772 2569 1005 2631 lallor,llaterius
1019 2579 1112 2624 noster
1124 2569 1197 2623 idem

86 2632 214 2691 incertum
240 2636 306 2696 fuit,
321 2656 355 2689 an
375 2647 495 2693 struente
508 2637 620 2692 Tiberio
661 2638 709 2692 ille
726 2644 766 2691 est
783 2658 853 2691 unus
872 2639 1005 2693 Suetonii.
1049 2639 1080 2690 ln
1098 2637 1197 2691 talibus

88 2702 290 2760 circumventus
303 2704 425 2778 perierit.
603 2716 607 2723 '
662 2708 736 2760 enim
754 2708 835 2761 rebus
851 2707 955 2760 variant
967 2705 1122 2777 scriptores.
1158 2704 1196 2760 ef.

119 2790 176 2827 nori
199 2780 311 2831 adesse,
325 2785 409 2840 capua
427 2777 471 2827 rei'
484 2778 619 2843 publi'eoe.
661 2787 719 2829 not.
734 2777 768 2830 ad
780 2795 804 2829 c.
818 2777 845 2827 6.

89 2836 152 2895 Cod.
172 2845 235 2899 MS.
259 2854 285 2894 et
302 2842 365 2896 inde
388 2844 456 2896 veit!
474 2844 537 2898 edd.
562 2863 619 2911 riori
694 2864 787 2910 genna
802 2846 1006 2896 odiiolceretur.
1037 2841 1196 2897 pellicerius

89 2913 179 2964 adesse
196 2921 267 2979 aput
283 2921 310 2964 te
325 2914 512 2978 reipublicae.
550 2914 620 2967 Rhe·
661 2915 732 2968 aud
758 2912 912 2964 Broterium
938 2912 1048 2967 volebat
1076 2914 1196 2981 genibus.

89 2992 170 3033 nanus
192 2981 327 3042 coniecit,
356 3000 423 3052 quae
443 3002 519 3036 nunc
537 2984 619 3037 edun·
661 2933 769 3037 eiius.
784 2983 808 3043 1,
822 2978 864 3035 23.
878 2979 920 3034 32.
954 2981 1056 3036 Plin.e
1077 2983 1195 3054 p.1‚18·.

20 3064 22 3073 ‘
88 3053 137 3123 tut.
167 3050 320 3120 Supersunt
333 3059 422 3113 tamen
436 3060 462 3102 et
474 3050 540 3104 aliae
554 3066 619 3105 con·
660 3053 685 3112 9,
698 3053 742 3104 21.
777 3049 831 3103 Sed
845 3050 944 3104 Noster
957 3050 1035 3104 ctiam
1074 3073 1102 3104 ii.
1113 3051 1139 3113 6,
1150 3052 1194 3104 49.

89 3124 217 3180 tecturae,
236 3124 267 3168 ut
277 3117 372 3188 Lipsii:
389 3135 448 3170 non
464 3137 522 3172 esse
536 3118 620 3187 ceput
636 3162 647 3185 ,
661 3121 702 3186 15,
713 3121 756 3174 71.
790 3119 950 3183 Hisi.4,81.
970 3139 1061 3186 genua
1077 3121 1197 3183 advolet,

89 3189 113 3231 te
124 3187 167 3235 rei‘
174 3204 206 3252 ρ.
238 3185 386 3239 Vertranii:
399 3204 458 3238 rion
473 3205 530 3245 esse
541 3193 620 3255 opud
661 3189 743 3243 medii
757 3188 907 3259 significatu
918 3188 1022 3243 scribit.
1042 3188 1196 3243 SicGraeci

90 3256 212 3332 teeoput
228 3274 254 3308 r.
290 3254 406 3308 Mureti:
425 3260 518 3310 deesse
537 3264 624 3323 caput
660 3263 839 3329 προςκυνεῖν,
861 3254 1104 3326 προςπιὺσσεσθαι
1123 3253 1194 3310 τινά.

89 3332 168 3383 reip.
212 3323 292 3377 Atti:
316 3341 373 3374 nori
389 3330 486 3379 adesse
503 3328 621 3390 ‹ipud'te
662 3326 771 3382 Scilicet
793 3327 905 3394 genibus
922 3327 1046 3390 advolvi,
1075 3328 1196 3379 advolu-

69 3394 299 3461 ,remeublem
315 3392 619 3447 NovissimeHerrman·
662 3408 706 3461 tus
725 3394 883 3468 simpliciter
902 3394 1004 3449 indicat
1028 3404 1126 3448 statum
1149 3393 1195 3449 vel

91 3469 136 3506 nus
148 3459 175 3510 in
191 3473 247 3514 not.
262 3462 295 3514 ad
311 3460 337 3515 h.
351 3460 369 3515 l.
385 3464 540 3533 proposuit:
559 3480 618 3514 non
662 3464 768 3528 locum,
790 3466 819 3516 in
839 3461 969 3535 quo‘quis
987 3473 1122 3529 versatur;
1143 3482 1195 3531 ge·

90 3527 180 3578 adesse
196 3540 282 3597 capu!
295 3540 321 3581 te
333 3526 531 3597 reipublicae?
552 3530 620 3601 dass
636 3534 640 3546 ’
658 3551 717 3587 nuo
729 3536 843 3586 αόυοὶυι·
853 3542 892 3585 est
904 3551 952 3603 per
967 3536 1054 3602 genua
1072 3552 1159 3591 orare.

90 3591 125 3640 dit
141 3598 213 3648 aicbt
232 3603 277 3652 als
297 3600 397 3663 Haupt
414 3605 462 3657 des
480 3600 618 3653 Gemei'n·
688 3605 857 3670 prociderat.
894 3600 930 3654 ci.
944 3601 1019 3654 Suet.
1034 3601 1095 3655 Tib.
1113 3602 1195 3657 c.27·

90 3671 190 3742 wfsetis
201 3669 259 3720 hier
271 3672 456 3721 auwoanest?
473 3668 500 3722 h.
516 3690 539 3724 e.
553 3669 617 3722 alibi
693 3673 811 3739 eiusque.
852 3668 920 3733 Edd.
939 3679 1004 3725 vett.
1021 3670 1092 3724 haud
1111 3670 1194 3731 dubie

89 3739 234 3858 guncipem
258 3736 327 3806 agis,
356 3757 406 3791 cur
427 3755 484 3799 non
508 3747 534 3790 et
553 3737 618 3790 hiet
659 3740 749 3794 ecod.
763 3739 824 3793 MS.
838 3750 866 3792 et
881 3757 980 3806 usque,
1003 3740 1076 3809 quod
1088 3738 1194 3810 Lipsius
1293 3761 1295 3769 .

116 3813 161 3850 uae
185 3803 207 3854 si
231 3804 357 3859 Haterius
379 3805 456 3870 dixit,
489 3806 616 3860 Tiberius
658 3809 728 3862 bene
742 3808 857 3862 correxit
869 3809 898 3861 iii
912 3810 1030 3875 eiusque.
1191 3802 1197 3837 t

81 3857 247 3946 'hauddubie
259 3873 294 3923 oh
307 3874 404 3931 nutam
418 3874 576 3928 latinitatem
590 3885 617 3928 et
693 3878 879 3930 curatissimis.
916 3876 962 3929 Sic
979 3876 1040 3928 MS.
1060 3873 1132 3928 unde
1151 3894 1193 3928 re·

90 3924 248 3993 locutionem
273 3939 394 3997 inrectiis
419 3943 507 3996 estin
528 3942 615 3996 illum.
659 3946 744 3999 stituit
757 3944 883 3997 Picbena.
920 3942 1194 4009 Edlleroaldoeu-

38 4058 42 4061 A
89 3993 195 4081 Interim
223 4008 251 4060 in
277 4007 399 4063 Rhenani
428 4012 616 4067 emendatione
658 4017 818 4085 tutissimis,
835 4013 1194 4088 endiihenamsqqoceup

90 4079 289 4147 acquiescamus.
325 4079 379 4131 lam
398 4099 481 4140 vero,
502 4100 552 4135 cur
564 4080 616 4133 lla·
657 4085 815 4139 rarissimis.
843 4074 898 4134 bn.
912 4081 1007 4143 14,21.
1020 4083 1194 4134 lidescum-

20 4174 21 4179 =
89 4136 144 4212 *tro
157 4144 238 4197 verba
251 4145 615 4221 suspicacemanimumper·
658 4153 713 4204 ti'os
735 4153 838 4213 editos,·
868 4152 899 4214 2,
917 4150 961 4203 27.
988 4151 1110 4204 &ratim
1132 4153 1193 4209 di‘i·

90 4207 248 4280 strinxerim,
266 4215 415 4287 quaeritur.
436 4216 547 4273 Scilicet
558 4236 616 4272 ier·
657 4218 764 4274 ierom.
