2792 4642
147 199 199 283 eo
388 187 392 194 '
551 183 908 316 lunanum·
1076 201 1205 301 23332313'

125 369 231 437 'dem
248 313 453 454 *iniii‘rupt'o
481 361 636 434 tumultu
658 349 792 430 litteras
820 360 929 452 patris
950 361 1088 450 recitat,
1115 366 1158 436 in
1177 366 1257 459 quis

147 468 381 562 perscriptum
394 476 485 533 erat:
521 460 783 555 Praecipuamf
811 464 841 531 si
859 463 1129 535 fortissimarum
1145 466 1258 557 legio-

148 593 238 640 num
260 592 396 653 curam,
422 566 633 659 quibuscum
648 563 810 658 plurima
848 590 866 634 e
894 565 1166 638 atoleraviss‘et:
1192 569 1259 639 ubi
1331 610 1341 628 ι

148 672 305 766 primum
326 695 347 739 a
367 670 465 762 luctu
487 667 680 761 requiesset
699 666 857 752 animus,
891 657 1052 764 acturum
1073 657 1173 761 apud
1192 696 1259 763 pa.

148 789 219 846 tres
245 774 289 842 de
314 770 499 868 postulatis
527 793 665 876 eorum:
704 769 840 837 misisse
873 770 1016 840 interim
1049 772 1180 859 lilium,
1218 787 1260 844 ut

148 876 224 946 sine
244 869 466 947 cunctatione
487 847 708 954 concederet,
732 895 822 963 quae
842 872 960 972 statim
976 873 1088 943 tribui
1102 887 1259 965 possent:

149 995 262 1051 cetera
274 976 412 1047 senatui
425 974 613 1057 servanda,
641 995 748 1065 quem
761 983 876 1067 neque
889 973 1019 1062 gratiae
1032 1000 1147 1069 neque
1161 1000 1260 1046 sere-

140 1081 262 1158 ,ritatis
277 1092 452 1172 expertem
466 1071 590 1145 haberi
601 1098 667 1166 par
682 1086 780 1184 esset
815 1087 818 1096 '
910 1067 1059 1130 *¹2¹⁸

159 1307 164 1312 .
249 1248 383 1326 XXVI.
431 1245 656 1339 Responsum
678 1261 731 1322 est
748 1269 769 1316 a
789 1247 976 1332 concione,
999 1249 1166 1322 mandata
1178 1246 1264 1320 Cle-'

148 1350 496 1440 menti'centurioni,
527 1359 617 1442 quae
641 1350 823 1440 perferret.
881 1348 917 1420 Is
941 1349 1080 1424 orditur
1103 1351 1147 1424 de
1173 1350 1261 1422 miss

150 1462 249 1530 sione
270 1481 290 1525 a
312 1451 465 1526 sedecim
484 1451 604 1524 annis:
637 1451 681 1520 de
703 1452 869 1544 praemiis
894 1452 1015 1524 linitae
1034 1452 1195 1526 militiae:
1218 1468 1260 1523 ut

150 1555 512 1632 denariumdiurnum
544 1552 761 1645 stipendium
789 1555 897 1626 foret:
941 1579 987 1624 ne
1010 1555 1169 1625 veterani
1192 1556 1259 1625 sub'

148 1662 277 1734 vexillo
290 1655 521 1734 haberentur,
568 1648 628 1734 Ad
643 1680 682 1724 ea
694 1653 834 1732 Drusus
855 1681 936 1726 eum
954 1657 1141 1727 arbitrium
1157 1680 1260 1727 sena-

146 1782 205 1837 tus
217 1778 251 1836 et
262 1761 371 1855 patris
384 1759 609 1843 obtenderet,
635 1758 788 1836 clamore
803 1759 980 1829 turbatur:
1006 1756 1081 1828 Cur
1099 1759 1260 1845 venisset,

141 1891 263 1962 ,neque
292 1862 461 1953 augendis
486 1860 643 1929 militum
670 1860 872 1951 stipendiis,
911 1883 1026 1953 neque
1054 1861 1260 1937 adlevandis

147 1967 360 2050 laboribus,
374 1963 527 2056 denique
547 1961 646 2030 nulla
664 1961 909 2040 benefaciendi
919 1953 1090 2031 licentia?
1116 1977 1157 2032 at-
1176 1959 1261 2032 her-

147 2073 227 2156 'cule
240 2070 388 2140 verbera
406 2079 579 2136 et'necem
598 2062 915 2155 cunctispermitti.
966 2057 1162 2142 Tiberium,
1173 2065 1262 2135 olim

148 2174 294 2245 nomine
327 2163 485 2257 Augusti·
504 2164 676 2256 desideria
704 2165 887 2254 legionum
910 2166 1073 2235 frustrari
1100 2163 1260 2237 solitumz
1312 2195 1316 2202 ⁴
1379 2163 1395 2225 .’

149 2271 289 2349 easdem
303 2284 393 2339 artes
405 2267 563 2337 Drusum
578 2251 764 2351 riiitiiliss'e.
815 2267 1144 2360 utrmquamnemisi
1162 2270 1207 2339 ad
1224 2293 1261 2338 se

148 2379 241 2448 filios
261 2345 480 2474 faiiiliiirum
500 2368 692 2438 venturos?
718 2394 859 2439 novum
872 2371 911 2438 id
927 2371 1049 2461 plane,
1074 2372 1171 2464 quod
1191 2372 1261 2439 irn-

148 2491 290 2574 perator
302 2474 376 2544 sola
388 2471 512 2540 militis
531 2469 715 2564 eomibdtla
732 2472 778 2570 ad
797 2485 958 2541 senatum
974 2472 1119 2545 reiieiat.
1171 2497 1261 2542 eun-

150 2586 232 2655 dem
246 2602 327 2670 ergo
342 2588 506 2654 senatum
520 2569 794 2659 consulendum,
820 2575 983 2694 quotiens
1005 2575 1178 2667 supplicia
1196 2564 1264 2646 aut.

183 2830 315 2891 ciffi-26.
347 2828 495 2898 perferret.
529 2824 581 2879 Ed.
595 2824 685 2879 Bero-
727 2823 941 2878 emendationem
951 2824 1095 2879 retinuere.
1114 2822 1261 2879 EtWolfii
1297 2858 1300 2864 ν
1392 2841 1393 2850 ’

149 2904 202 2961 ald.
222 2899 370 2968 perferret.
411 2895 460 2949 Ed.
479 2894 602 2948 llbenan.
625 2913 684 2965 sqqt
727 2892 838 2965 quidem
852 2893 984 2946 rationem
999 2912 1055 2947 esse
1071 2911 1183 2959 vanam,
1203 2914 1262 2948 non

146 2970 315 3042 praeferret.
355 2962 445 3017 utut
482 2964 599 3017 Picbena
638 2983 684 3017 re·
727 2970 765 3016 est
790 2961 865 3032 quod
889 2981 1024 3016 moneam.
1071 2962 1141 3016 Nihil
1168 2973 1261 3017 tamen

149 3040 240 3113 posuit
261 3034 355 3090 ecod.
369 3032 431 3087 MS.
451 3041 478 3084 et
494 3031 595 3086 frustra
611 3030 685 3085 Bro—
726 3031 763 3084 im
785 3029 852 3091 edit,
887 3051 942 3104 quo
972 3031 1064 3084 minus
1093 3033 1155 3085 cod.
1186 3032 1262 3087 MSti

149 3109 233 3176 terius
244 3103 393 3159 emendavit
402 3099 554 3174 proferret.
572 3098 608 3153 cl.
625 3120 685 3173 sup.
727 3050 808 3152 rerba
826 3102 1005 3156 restituamus.
1040 3098 1202 3167 Queruntur
1220 3101 1262 3154 le·

150 3176 239 3240 ott.
258 3172 432 3242 perferendis
458 3170 603 3222 mandates
621 3172 685 3226 ido-
727 3168 819 3240 giones
841 3168 1029 3234 Pannonicae,
1071 3170 1142 3240 quod
1173 3169 1206 3223 ad
1233 3191 1262 3225 se

150 3263 228 3301 neus.
272 3262 297 3297 c.
317 3242 361 3296 57:
390 3238 509 3306 pertulit
536 3241 686 3294 mandata.
726 3247 831 3290 tanturn
847 3236 894 3290 filii
908 3237 1070 3293 familiarum
1086 3238 1194 3292 veniant
1208 3238 1261 3292 de-

151 3316 246 3374 Germ.
261 3306 341 3376 ⁰245·
356 3309 477 3377 informe
489 3305 641 3376 perfertur.
727 3304 822 3359 sideria
845 3307 983 3388 legionum
1008 3306 1179 3366 frustraturi,
1212 3327 1263 3363 ne-

163 3425 166 3432 .
184 3381 312 3439 sedecim.
347 3378 384 3445 cf.
399 3387 457 3431 not.
471 3377 504 3430 ad
519 3397 544 3430 c.
559 3375 598 3430 17.
727 3393 780 3448 que
796 3374 831 3427 ad
849 3375 915 3428 altos
934 3375 1012 3428 etiam
1029 3373 1167 3427 exercitus.
1204 3375 1261 3430 Au.

184 3465 377 3519 numquamne
396 3448 455 3499 rarsi
466 3448 505 3497 nd
522 3462 554 3498 se
564 3444 594 3514 s.
608 3444 636 3514 s.
659 3464 685 3499 υ.
726 3453 820 3513 gustus
839 3445 911 3496 enim
932 3445 965 3497 ad
987 3442 1157 3496 Pannonicas
1180 3442 1262 3516 legio·

150 3515 447 3588 §icMS.etv‘ett.edd..
469 3513 684 3567 Ver-ioremcon·
726 3531 772 3564 nes
792 3532 835 3572 sae
855 3514 897 3565 ius
915 3513 1023 3566 miserat
1040 3511 1188 3566 Tiberium.
1224 3517 1261 3570 cf,

150 3604 251 3647 textum
271 3606 286 3640 e
308 3583 516 3656 transpositione
538 3581 685 3637 verborum
729 3581 802 3634 Suet.
823 3532 884 3635 llil).
905 3600 930 3636 c.
949 3582 975 3635 9.
996 3581 1037 3634 16.
1055 3581 1098 3632 21.
1143 3581 1197 3635 Dio
1218 3585 1261 3646 54,

151 3663 286 3718 oriturum
296 3651 685 3724 censebatLipsius‚eoqueau·
726 3648 771 3702 31.
817 3650 925 3705 iverant
949 3669 1012 3703 sane
1035 3647 1068 3703 ad
1089 3648 1157 3704 alios
1179 3651 1261 3707 etiam

151 3743 226 3787 ctore
239 3726 301 3782 dein
311 3722 385 3776 Picb.
400 3742 433 3793 sq
455 3760 462 3775 .
476 3719 596 3772 edidere:
615 3737 685 3773 nun·
727 3719 857 3772 exercitus
870 3719 917 3771 filii
932 3719 1109 3782 familiarum3
1126 3721 1171 3774 sed
1184 3733 1262 3777 nrore

151 3739 685 3870 quamneadsetristiſsuminecausa,
728 3789 899 3858 querentium
936 3787 1054 3857 legiones
1086 3786 1285 3848 Pannonicae.

151 3879 182 3921 ut
192 3862 306 3920 Wolfio
320 3860 466 3913 videbatur.
506 3857 588 3909 Posse
603 3858 684 3920 enim,
747 3876 790 3909 rae
819 3856 876 3909 aliis
901 3876 928 3910 se
955 3867 1072 3927 gravatas
1102 3859 1259 3913 sentiebant.

150 3937 202 3998 ait,
219 3948 366 4000 nunquam
379 3930 436 3980 ursi
445 3927 477 3980 ad
497 3936 581 3980 totam
600 3946 684 3979 enun·
726 3875 798 3979 ilinc
816 3925 924 3979 volunt:
950 3926 1014 3978 alibi
1033 3927 1087 3979 iam
1107 3939 1262 3982 exercerent

149 4006 289 4059 tiationern
304 3997 405 4056 referri,
420 3995 594 4050 utinterdurn
608 4012 683 4047 nun·
727 4004 796 4046 artes
815 4012 891 4058 suas3
917 4014 946 4049 se
965 3994 1027 4048 'satis
1049 4005 1169 4067 expertos
1192 4015 1259 4053 esse.

35 4093 40 4100 ·
124 4083 239 4141 'quam
257 4084 327 4121 non.
371 4065 441 4119 llinc
457 4059 623 4118 Weiler'tus
642 4083 682 4116 re·
727 4062 800 4116 llaec
816 4083 876 4117 vera
894 4064 1059 4118 contumelia
1077 4074 1103 4116 et
1121 4064 1262 4127 cavillatio,

151 4140 242 4211 posuit
261 4146 381 4191 veterem
397 4132 571 4256 scripturam
593 4132 683 4185 Lttne·
727 4141 753 4185 et
774 4131 875 4213 optime
892 4131 1026 4189 ‘convenit
1047 4131 1133 4186 verbis
1154 4150 1262 4202 praece.

151 4224 267 4264 mannus
289 4214 379 4260 tamen
401 4212 426 4256 et
470 4200 581 4258 ellerus
601 4201 683 4274 Lipsii
726 4200 864 4255 dentibus:
884 4202 1031 4256 Tiberium
1044 4230 1077 4246 ι·
1091 4202 1237 4257 retentura.
