2792 4642
172 185 301 285 2321?ss
414 190 518 270 LlB.
538 192 603 268 Vl.
652 190 774 273 CAP.
792 191 853 271 82.
873 193 935 272 38.
1153 190 1231 266 418

121 350 240 443 impar
257 348 386 420 morbo
406 348 612 441 absumptus
631 362 695 424 est.
745 348 817 421 Sed
838 372 915 420 non
925 345 1094 419 Tiberius
1108 347 1231 422 omisit
1303 345 1307 360 '

119 452 271 545 incepta.
322 450 539 536 Tiridatem,
553 450 736 541 sanguinis
751 451 928 537 eiusdem,
938 444 1231 524 aemulumdrta·

119 555 234 639 bano,
263 551 581 652 reciperandaeque
602 547 795 624 Armeniae
815 552 961 624 Iberum
979 548 1231 630 Mithridatem

118 655 245 746 deligit
257 654 493 748 conciliatque
508 653 610 724 fratri
621 650 872 742 Pharasmani,
895 656 959 750 qui
971 655 1101 746 gentile
1115 655 1232 749 impe·
1301 657 1310 688 l

81 769 83 775 '
117 757 216 827 rium
235 757 435 841 obtinebat,
461 771 496 827 et
516 745 674 844 cunctis²
694 781 785 852 qnae
805 758 901 851 apud
916 754 1103 828 Orientem
1123 781 1230 850 para·

117 861 270 945 bantur,
293 857 336 932 L.
348 855 534 929 Vitellium
548 857 724 951 praefecit
764 883 805 930 eo
821 861 866 930 dc
878 854 1024 930 homine
1037 853 1135 929 haud
1150 883 1230 929 sum

118 960 264 1051 ignarus
277 959 458 1036 sinistram
470 960 510 1029 in
522 962 612 1031 urbe
624 961 771 1048 lamam,
794 961 965 1056 pleraque
976 959 1081 1031 foeda
1087 984 1230 1055 ,muno-

117 1055 209 1132 rari:
247 1077 401 1134 ceterum
430 1057 593 1152 regendis
621 1063 816 1155 provinciis
843 1063 958 1156 prisca
984 1062 1116 1134 virtute
1146 1063 1229 1153 egit.

117 1160 216 1235 unde
241 1188 418 1255 regressus
445 1176 480 1234 et
502 1164 695 1241 formidine
717 1163 759 1240 C.
777 1163 956 1250 Caesaris,
989 1163 1229 1236 familiaritate

117 1264 261 1337 Claudii
275 1281 377 1359 turpe
389 1264 429 1335 in
441 1265 626 1337 servitium
640 1280 796 1338 mutatus
810 1261 988 1359 exemplar
1000 1267 1096 1359 apud
1109 1280 1230 1359 poste-

116 1389 178 1439 ros
207 1367 397 1439 adulatorii
424 1367 605 1439 dedecoris
629 1364 800 1457 babetur,
838 1381 1086 1463 cesseruntque
1112 1367 1229 1461 prima
1260 1447 1262 1456 ¹

116 1470 303 1563 postremis
326 1484 362 1541 et
388 1471 484 1541 bona
511 1469 676 1543 iuventae
694 1484 864 1551 senectus
888 1470 1062 1563 flagitiosa
1084 1470 1230 1543 oblitte-

116 1572 234 1646 ravit
317 1631 319 1640 ,
936 1630 938 1635 ,

186 1647 193 1666 ’
218 1671 395 1749 ΧΧΧΠΙ.
420 1667 471 1747 Aa
490 1697 532 1742 ex
552 1674 685 1764 regulis
707 1675 807 1768 paor
825 1670 1228 1752 maurusiorum-

77 1776 82 1790 “
115 1799 258 1846 manem
270 1773 427 1869 perpulit
441 1774 526 1845 dolo
543 1788 578 1846 et
589 1777 627 1844 vi
639 1790 785 1848 conatus
805 1801 888 1848 suos
904 1777 1048 1851 'iuvaret
1077 1776 1228 1871 reperti-

115 1903 191 1973 que
204 1890 427 1969 coemptores
446 1876 629 1947 ministros
642 1871 784 1949 Arsacis
803 1881 918 1951 multo
939 1904 1027 1951 auro
1049 1880 1095 1949 ad
1114 1879 1238 1976 scetus

92 1993 95 2000 '
116 1993 262 2071 cogunt:
286 1979 393 2049 simul
408 1975 505 2050 Iberi
518 1978 657 2069 magnis
671 1981 783 2073 copiis
794 1976 1002 2053 Armeniam
1014 1980 1229 2073 inrumpunt

114 2095 151 2153 et
169 2084 256 2153 urbe
275 2076 445 2154 Artaxata
463 2080 660 2173 potiuntur.
712 2079 814 2172 Quae
832 2081 1022 2183 postquam
1041 2076 1227 2154 Artabano

114 2184 271 2274 cognita,
295 2183 409 2252 filium
424 2176 586 2253 Orodem
599 2183 753 2254 ultorem
766 2199 884 2277 parat:
917 2187 980 2255 dat
986 2179 1226 2256 Parthormn-
1244 2243 1248 2250 ,

113 2293 184 2381 quc
197 2285 333 2378 copias,
357 2283 467 2355 mittit
480 2284 543 2377 qui
557 2284 689 2368 auxilia
702 2289 861 2360 mercede
875 2288 1040 2363 iacerent.
1091 2283 1227 2359 Contra

112 2532 179 2593 mit,
203 2528 248 2584 cui
264 2528 378 2580 adsentit
390 2525 585 2598 Wopkensius
602 2524 647 2580 ad·
721 2521 869 2599 pleraque.
903 2525 951 2585 Sic
968 2537 1124 2586 constanter
1141 2526 1223 2583 Taci-

112 2600 175 2656 ditis
192 2595 332 2668 exemplis,
354 2595 450 2649 Senec.
469 2596 504 2649 de
520 2594 560 2648 ira
576 2593 647 2660 8,’8.
689 2606 732 2650 tus
768 2616 801 2650 ro
815 2598 950 2667 prasina.
985 2598 1022 2652 ci.
1043 2598 1107 2652 et.
1151 2597 1226 2653 lline

111 2667 172 2723 Liv.
183 2666 209 2730 8,
221 2666 266 2720 68.
300 2665 418 2730 Piclrepa
430 2663 504 2717 dedit
515 2666 648 2726 resumi&
689 2665 793 2719 inutilis
806 2676 845 2721 est
858 2667 1010 2721 emendatio
1024 2665 1071 2720 illa
1086 2665 1227 2737 margina-

111 2736 281 2791 Boxhornius
294 2743 320 2787 et
332 2733 453 2854 llilleruq
460 2733 559 2786 indust.
597 2732 646 2784 Ve-
688 2734 722 2789 lis
737 2728 872 2789 Oberlino'
889 2734 1010 2795 laudata,
1023 2738 1189 2803 pluraqusu

110 2805 175 2872 rum
205 2807 346 2857 absumere
378 2820 470 2855 erare
501 2801 648 2872 respondet
724 2807 966 2871 exemplor'opud
1022 2812 1113 2856 steros
1131 2807 1171 2855 od
1192 2808 1222 2858 d.

111 2875 196 2931 verbo
208 2892 305 2944 graeco
316 2871 489 2941 ἐνδέχεσθαι,
502 2870 531 2923 in
544 2888 573 2923 se
584 2888 645 2922 sus·
674 2872 725 2927 cl.
741 2871 854 2925 Sueten.
867 2872 923 2925 Vit.
939 2891 963 2926 c.
1020 2871 1076 2925 Dio
1091 2870 1187 2934 5227.

110 2943 201 3015 cipere
208 2957 229 3007 ‚'
251 2941 324 3011 quod
351 2939 470 3010 egregrie
494 2937 559 2991 huic
582 2938 646 2992 loeo
722 2940 790 2997 Car.
803 2938 846 2994 38.
871 2945 911 2992 ad
925 2943 1011 2994 scelus
1029 2950 1139 3009 cogunt.
1174 2941 1224 2998 sie
1262 2941 1265 2950 '

109 3010 252 3080 convenit,
278 3009 378 3080 quippe
395 3007 515 3060 instituta
527 3005 645 3060 l’artbo-
687 3010 713 3074 4,
723 3012 768 3064 40.
789 3012 1078 3077 corruptoodscelus.
1112 3009 1149 3066 cf·
1162 3019 1222 3065 not·

108 3101 172 3138 rum
194 3099 251 3133 non
270 3084 395 3147 poterant
419 3093 475 3128 non
500 3074 592 3146 gravia
618 3082 645 3128 et
686 3079 719 3136 ad
735 3083 759 3143 1,
771 3077 798 3132 5.

108 3148 223 3205 molesta
234 3165 290 3199 esse
302 3145 331 3197 in
343 3142 481 3197 hominem
496 3141 643 3198 cultuiRo·
718 3150 788 3201 urhe
805 3147 964 3201 Artaxata.
1004 3144 1051 3201 Sic
1076 3146 1137 3202 cod.
1158 3146 1221 3203 MS.
1298 3187 1302 3196 .

108 3236 192 3274 mano
217 3215 372 3278 adsuetum,
402 3230 453 3266 nee
474 3210 574 3266 frustra
593 3213 644 3265 ad·
686 3216 747 3269 edd.
773 3216 835 3270 Ber.
866 3232 896 3285 sq
918 3252 925 3267 .
955 3225 981 3268 et
1009 3215 1041 3268 Li
1059 3215 1091 3270 sii
1122 3216 1221 3287 prima.

109 3298 171 3342 sont
183 3284 280 3343 verber
298 3284 345 3334 cui
361 3316 453 3336 .....
472 3282 642 3335 insueverat.
685 3284 793 3339 Deinde
807 3283 878 3355 Lips.
921 3294 975 3338 rut.
988 3283 1030 3339 edi
1050 3303 1095 3337 ere
1112 3288 1221 3342 urbm.

3 3369 4 3384 ¹
72 3361 82 3370 “
109 3348 521 3412 ct.nos.aa14,44e116,2t
540 3349 588 3404 ubi
604 3361 643 3405 est
685 3352 804 3408 Picbena
819 3361 940 3410 veterem
961 3352 1122 3426 scripturam
1140 3355 1219 3410 resti-

107 3443 205 3480 curom
218 3422 368 3480 desumere.
685 3422 747 3475 tuit.

142 3494 262 3559 incepto.
296 3487 344 3542 Sic
362 3485 423 3541 edd.
442 3484 515 3556 Lipst
532 3504 592 3558 sqq.
608 3518 644 3532 -
718 3489 1016 3570 &rhemorumque
1032 3492 1135 3561 copias.
1173 3491 1221 3547 Sic

106 3563 176 3618 Edd.
203 3558 326 3613 Beroald.
350 3556 410 3610 Ate.
435 3553 555 3615 Rhesso.
576 3554 641 3608 Atd.
684 3559 823 3623 cod.,MS.
859 3558 913 3613 Sed
927 3577 1010 3630 quum
1030 3560 1099 3615 illud
1118 3580 1171 3632 qus
1188 3560 1220 3614 in

107 3636 248 3714 incoepta,
264 3638 395 3697 utsupra.
682 3627 909 3709 Portborwnquq
927 3628 1020 3683 rimari
1042 3649 1100 3684 non
1138 3637 1219 3691 osset,

141 3699 405 3816 reciperandaeque.
438 3689 641 3750 Edassuoatd.
682 3695 1106 3780 Beroaldusdedrtdatquel’ar
1168 3716 1219 3751 um

106 3762 641 3908 idiotita‘littttti'ttfttt
668 3764 1217 3906 1gattattsstt‘utsr:ctat:

106 3909 279 3974 operatam
315 3904 339 3960 1,
355 3901 398 3953 74.
427 3899 639 3964 reciperatores.
675 3900 744 3960 „vius
765 3902 925 3973 scripturam
945 3901 1098 3959 cecidisti
1120 3903 1214 3958 deien-

105 3973 226 4028 Eandem
246 3969 406 4039 scripturam
425 3967 503 4022 babet
521 3966 640 4022 Monim.
683 3969 798 4024 deodam
823 3961 974 4032 sumsiss'et,
1005 3967 1138 4041 plerisque
1157 3973 1216 4026 ine·

104 4047 207 4116 Ancyp.
327 4077 332 4096 „
410 4072 413 4080 -
461 4043 464 4053 '
682 4048 760 4109 ptum
773 4040 858 4092 visum
873 4050 924 4093 ests
937 4039 1067 4108 vulgatam
1075 4051 1214 4109 praestan·

138 4112 261 4165 iberum.
293 4103 372 4158 Edd.
389 4103 452 4159 Ber.
470 4104 532 4159 Ate.
549 4104 637 4160 libers.
680 4107 810 4161 tissimarn
832 4127 888 4162 esse
914 4125 1069 4180 persuasum
1093 4110 1143 4164 sibi
1165 4109 1214 4164 ba·

103 4181 167 4237 Ald.
182 4197 240 4250 sqq.
253 4175 390 4230 Haerum
398 4196 407 4235 ;
426 4173 499 4229 est.
512 4173 618 4227 moeri.
679 4176 759 4228 beot:
777 4195 930 4250 quanquam
944 4175 1082 4230 Ernestius
1096 4178 1214 4250 suspica·
