2792 4642
184 172 262 254 a&
584 164 698 240 ANN
706 161 910 242 AthJt's
1112 161 1252 260 {33⁷}

181 349 260 399 mas
272 322 419 396 sociales
429 322 635 418 equitesque
650 323 836 414 legionum
855 321 1017 394 subsidio
1034 321 1174 399 mbsos.
1223 339 1302 398 tum

182 445 255 503 tres
271 429 367 499 leves
384 420 550 496 cohortes
566 451 608 496 ae
625 450 771 496 rursum
782 427 893 511 duae,
916 425 1003 495 d'ein
1014 437 1174 518 tempore
1181 427 1301 502 iuter-

182 528 751 622 iettoalariuseqoesimmissust
782 528 867 600 satis
881 527 1012 612 validi,
1035 528 1300 600 sisimuliueu-
1322 549 1327 558 ·

180 633 358 707 buissent:
377 653 443 723 per
455 630 684 701 intervallum
695 632 926 706 adventantes
936 654 1054 723 neque
1067 624 1299 703 constantiam

180 736 396 809 addiderant
419 733 572 805 turbatis
597 747 633 804 et
653 757 787 825 pavore
804 732 1021 823 fugientium
1040 735 1297 807 auferebantur.

180 834 338 928 Cethego
350 834 514 907 Labeoni
532 836 648 926 legato
668 835 816 928 quintae
834 835 985 925 legionis
1003 836 1104 928 quod
1121 837 1297 930 reliquum

182 942 398 1013 auxiliorum
408 937 533 1020 tradit:
558 951 664 1031 atque
677 938 740 1008 ille
755 937 867 1008 dubia
889 961 1036 1008 suorum
1054 962 1094 1007 re
1114 939 1155 1007 in
1173 961 1295 1030 auceps

181 1058 315 1118 traetm
328 1040 444 1112 missis
456 1040 594 1110 nuntiis
606 1040 682 1108 vim
694 1040 879 1130 legionum
891 1039 1113 1132 implorabat.
1134 1064 1296 1132 prorum-

181 1161 276 1242 punt
295 1140 462 1240 quintani
482 1155 565 1212 ante
583 1140 674 1210 alios
692 1155 730 1211 et
750 1143 825 1212 aeri
834 1159 963 1235 'pugna
975 1136 1077 1212 hoste
1093 1143 1197 1235 pulso
1209 1143 1295 1213 reti-

180 1251 289 1345 piunt
302 1241 459 1319 cohortis
471 1243 615 1338 alasque
626 1244 735 1314 fessas
747 1245 969 1317 vulneribus.
1005 1267 1121 1339 neque
1136 1246 1210 1315 dux
1220 1244 1295 1317 Ro-

181 1374 310 1424 manus
330 1349 447 1418 ultum
466 1343 510 1415 iit
526 1359 589 1417 aut
609 1367 761 1438 corpora
771 1344 953 1431 humavit,
977 1370 1182 1440 quanquam
1194 1346 1293 1418 multi

181 1456 412 1526 tribunorum
429 1448 759 1543 praefectorumque
779 1464 815 1521 et
832 1449 990 1539 insignes
1002 1451 1228 1536 centuriones
1240 1473 1293 1519 ee-
1335 1461 1339 1478 '

182 1557 360 1629 cidissent.
404 1546 501 1620 'Mor
521 1546 745 1642 eompertum
765 1577 787 1622 a
804 1551 996 1641 transfugis
1010 1566 1210 1643 nongentos
1219 1550 1293 1623 Ro-

181 1679 371 1731 manorum
384 1653 481 1745 apud
495 1651 634 1738 lucum,
649 1678 757 1747 quem
762 1650 1006 1752 Baduhennae
1018 1669 1165 1739 vocant,
1178 1677 1294 1747 pugna

181 1761 223 1832 in
243 1773 426 1854 posterum
448 1768 601 1828 extracta
621 1756 815 1827 conlectos:
840 1769 877 1826 et
895 1756 1004 1825 aliam
1021 1758 1294 1851 quadringento-

179 1887 263 1935 rum
280 1881 430 1932 manum
449 1871 619 1950 occupata
636 1854 857 1949 Cruptorieis
877 1855 1059 1952 quondam
1078 1858 1293 1950 stipendiarii
1352 1937 1355 1942 4

179 1968 289 2052 villa,
305 1975 494 2059 postquam
505 1959 662 2055 proditio
676 1962 914 2047 metuebatur,
926 1960 1062 2033 mutuis
1073 1961 1202 2033 ictibus
1211 1986 1310 2054 pro--
1368 2023 1369 2028 ,

180 2068 354 2144 rubuisse.

280 2197 448 2273 LXXIV.
471 2193 619 2267 Clarum
638 2196 724 2265 inde
738 2193 832 2265 inter
846 2191 1046 2268 Germanos
1059 2196 1214 2268 Frisium
1228 2220 1292 2267 no-
1368 2269 1369 2274 ,

179 2327 281 2388 men,
302 2298 708 2376 dissimulante.Tiherio
723 2298 855 2368 damna
867 2322 914 2368 ne
928 2300 988 2371 eui
1000 2300 1135 2370 bellum
1148 2293 1292 2392 permit-
1367 2319 1368 2356 ὲ

179 2418 280 2478 teret.
329 2402 454 2497 Neque
468 2400 660 2473 senatusin
672 2425 715 2470 eo
727 2423 830 2490 eura,
852 2402 1055 2496 animperii
1067 2416 1220 2474 extrema
1231 2404 1291 2472 do-

179 2503 470 2578 honestarentur:
502 2504 1034 2597 pavorinternusoocupaverat
1047 2504 1201 2590 animos,
1235 2503 1289 2574 cui

179 2609 380 2680 remedium
404 2606 613 2677 adulatione
635 2606 881 2699 quaerebatur.
901 2614 915 2623 “
929 2606 981 2676 ita
1005 2631 1210 2706 quanquam
1236 2606 1289 2675 di-

179 2706 1289 2904 t‘ttttffltfflffibttw
1367 2771 1368 2774 Ὗ

180 2916 384 3010 crebrisque
402 2912 841 3007 precibusefflagitabant,
862 2911 1004 2980 visendi
1016 2913 1073 2983 sui
1088 2914 1227 3006 copiam
1237 2913 1289 2981 la-

130 3091 132 3100 ,
181 3030 311 3091 cerem.
358 3014 444 3088 Non
460 3015 517 3084 illi
529 3029 648 3090 tamen
661 3014 703 3082 in
717 3015 844 3083 urbem
856 3027 919 3084 aut
929 3016 1131 3108 propinqua
1142 3015 1225 3085 urbi
1235 3014 1288 3084 di-

145 3181 150 3188 .
180 3119 291 3210 gressi
309 3131 409 3189 sunt:
439 3117 524 3189 satis
541 3117 661 3188 visum
678 3116 841 3188 omittere
858 3115 1014 3187 insulam
1032 3119 1117 3189 etin
1130 3117 1297 3211 proximo·

214 3349 326 3402 atatim
343 3365 437 3418 equits.
470 3344 510 3399 Ex
527 3344 718 3399 emendatione
793 3347 976 3414 stupendum&
1020 3343 1057 3400 ef.
1075 3346 1163 3404 eom.
1183 3363 1242 3398 nou
1257 3355 1285 3399 ut

181 3417 372 3480 Freinshemii‚
433 3435 477 3470 am
488 3414 570 3469 hodie
583 3432 719 3468 consensu
759 3415 955 3481 “memoriis
973 3417 1111 3484 pecmiae
1136 3420 1284 3469 redderen-

178 3487 307 3560 probant.
349 3485 390 3538 Ed
411 3524 420 3538 .
440 3484 502 3538 ller.
515 3483 578 3537 Ate.
595 3482 719 3537 Rhenan-
759 3495 828 3538 tur.-

181 3576 213 3624 sq
235 3555 360 3609 ,οσὶω
377 3570 477 3623 eques,
502 3552 578 3622 quod
598 3551 720 3605 defendit
794 3551 913 3606 Camil.
927 3552 1135 3621 dt‘gressisuat.
1169 3553 1284 3608 Sieedd.

78 3643 82 3648 ·
180 3574 386 3680 tholtmannm
397 3621 563 3692 argumentis
574 3631 666 3674 tamen
677 3619 720 3671 in·
759 3620 821 3674 Ber.
829 3620 1017 3676 AleRhenan.
1027 3640 1088 3692 sqq.
1102 3622 1284 3693 usqueadllo

180 3694 277 3749 firmis.
309 3690 445 3762 Loquitur
453 3689 559 3772 lloster
572 3689 719 3757 degenere
758 3689 896 3753 uestium,
923 3690 970 3776 qui
987 3689 1061 3774 dedit
1076 3693 1202 3772 degressi
1216 3701 1283 3745 suns

181 3766 718 3900 wlmoeiiibffiti'imfflffiid
758 3757 1103 3881 iiini‘fflsiwd
1114 3760 1195 3891 eiii.
1214 3761 1284 3882 'iiii

208 3902 301 3955 ienuro
317 3908 384 3954 erat.
758 3896 880 3963 deensi
895 3906 959 3949 suut
976 3915 1015 3950 se.
1026 3896 1061 3949 ab
1073 3896 1161 3951 insula
1174 3908 1202 3950 et
1213 3897 1284 3950 litore

217 3971 345 4038 Cethego.
380 3960 721 4019 adsumentum.
763 3963 830 4018 Cam
866 3964 925 4018 aiae
963 3964 1012 4032 (eie
1041 3963 1203 4035 entsemten
1234 3967 1284 4019 st'el

178 4037 247 4100 att.
263 4036 372 4110 Micyll.
395 4034 533 4096 Ceaetoeeb,
556 4031 721 4086 vocabulum
762 3984 865 4099 meletii
887 4032 1053 4115 Beneigitur
1062 4033 1283 4105 suadenteWop·

181 4106 345 4159 inauditum.
379 4102 563 4160 Emendavere
580 4110 722 4170 sequentes
762 4101 857 4156 lensio
881 4101 1026 4174 llupmtaus
1049 4112 1078 4155 et
1102 4101 1283 4158 hincmaurus

68 4233 71 4236 ,
181 4172 297 4228 editores
311 4173 377 4230 iude
391 4170 517 4244 elipsio.
594 4233 597 4242 ¹
763 4180 883 4228 veterem
933 4171 1094 4242 scripturam
1129 4172 1283 4238 'restituere
