2792 4642
161 222 302 323 Μ
431 181 993 350 ιΙΒ.1ῦΑΡ.75.76.ι’
1145 237 1218 310 107

15 461 16 464 ,
105 401 282 481 pertatem
313 384 447 479 petenti
478 387 593 456 decies
627 385 824 457 sestertium
854 387 1003 480 largitus
1029 404 1098 477 est,
1133 392 1217 464 satis
1314 409 1317 414 ’

15 519 17 526 ·
106 503 290 582 comperto
317 500 480 580 paternas
508 488 542 557 ei
568 488 746 576 angustias
772 512 856 561 esse.
900 493 1069 572 tentantis
1094 494 1217 563 eadem

105 592 199 661 alios
211 589 362 683 probare
376 612 517 659 causam
537 589 674 658 senatui
694 588 812 675 iussit,
838 592 1005 684 cupidine
1024 595 1219 667 severitatis

105 693 150 762 in
163 689 221 761 his
236 694 360 778 etiam,
372 714 475 785 ,quae
487 690 554 759 rite
567 692 715 776 faceret,
738 692 894 765 acerbus.
924 697 1020 764 unde
1041 697 1147 767 ceteri
1167 698 1217 767 si·

103 796 260 864 len'tium
281 809 316 863 et
333 804 576 887 paupertatem
596 792 809 863 confessioni
829 807 864 865 et
882 795 1051 867 beneficio
1065 822 1217 892 praepo·-

105 920 221 969 suere.

207 994 374 1069 LXXVI.
409 992 548 1068 Eodem
573 1018 667 1066 auno
695 996 875 1068 coufiuuis
901 996 1075 1071 imbribus
1094 1016 1218 1076 auctus

102 1097 252 1171 Tiberis
271 1099 377 1190 plana
395 1095 496 1169 urbis
517 1112 752 1188 stagnaverat:
784 1100 1001 1170 relabentem
1028 1118 1144 1173 secuta
1164 1120 1216 1177 est

102 1202 351 1271 aedificiorum
377 1210 412 1270 et
432 1196 620 1271 hominum
640 1212 781 1292 strages.
839 1198 955 1292 Igitur
973 1204 1110 1273 censuit
1130 1199 1216 1275 Asi-

103 1305 190 1375 nius
212 1301 358 1387 Gallus,
386 1314 429 1372 ut
446 1302 533 1372 libri
556 1302 728 1397 Sibyllini
747 1303 940 1377 adirentur.
970 1291 1090 1375 renuit
1103 1303 1216 1376 Tibe-

11 1491 13 1494 ·
101 1407 202 1490 rius,
226 1404 375 1497 perinde
394 1403 517 1472 divina
535 1398 759 1498 humanaque
780 1406 957 1496 obtegens.
1008 1404 1080 1478 Sed
1099 1431 1214 1478 reme-
1260 1469 1266 1482 .

102 1508 209 1579 dimn
229 1505 413 1577 coircendi
432 1505 592 1576 fluminis
611 1499 716 1575 Ateio
736 1503 904 1598 Capitoni
922 1522 957 1579 et
974 1505 1018 1582 L.
1037 1503 1213 1584 Arruntio

101 1610 326 1682 mandatum.
375 1601 549 1679 Achaiam
568 1631 608 1677 ac
623 1603 872 1678 Macedoniam
892 1632 1000 1679 onera
1020 1611 1214 1703 deprecan-

101 1712 151 1783 tis
164 1710 277 1781 levari
290 1710 329 1777 in
341 1732 506 1802 praesens
518 1708 764 1803 proconsulari
778 1709 927 1802 imperio
948 1712 1109 1807 tradique
1123 1711 1213 1787 Cae-
1288 1771 1294 1776 .

25 1991 29 1996 .
134 1945 255 2012 probari
274 1960 390 1997 causcm
413 1925 538 1997 senatui·
546 1942 635 1995 iussit.
677 1940 854 1996 tioCaesaris.
883 1941 1211 2018 Namprimnmprocou·

9 2011 13 2048 ³
101 2012 180 2067 Suet.
194 2013 212 2067 l.
227 2013 245 2067 l.
280 2015 462 2079 Neptunius
479 2023 559 2080 opem
568 2010 635 2079 ser·
678 2012 925 2083 sulareimperiurn
939 2021 995 2065 erat
1009 2032 1129 2068 annuum
1144 2017 1211 2083 (Dio

9 2111 10 2114 ¹
100 2093 160 2142 ret,
183 2085 295 2148 negavit
311 2100 342 2134 se
352 2081 416 2135 aliis
427 2083 635 2141 subventurum,
678 2079 721 2138 53,
736 2080 778 2149 13)
798 2094 824 2135 et
836 2081 981 2152 quotannis
1000 2082 1211 2155 provincialibus

100 2153 160 2204 nisi
188 2152 301 2205 senutui
326 2153 412 2203 iustas
439 2152 636 2202 necessitatum
677 2149 814 2203 adferebat
844 2150 981 2203 molestias
1008 2169 1072 2204 cum
1102 2171 1212 2208 accessu

101 2238 203 2273 causus
225 2224 401 2286 probassent.
443 2217 514 2270 Vell.
532 2219 559 2280 2,
577 2216 635 2271 129.
678 2220 740 2271 nori
759 2219 871 2272 rectoris
889 2217 1057 2274 coniunctas.
1092 2220 1211 2277 Caesaris

63 2354 68 2360 .
99 2288 157 2343 Dio
174 2290 269 2351 57,1o.
678 2298 769 2343 autem
808 2288 1011 2370 provinciarum
1045 2291 1211 2361 praesidibus

137 2360 263 2424 cupidine
283 2356 442 2411 severitatis
454 2391 494 2426 ·.··
512 2354 635 2406 acerbus.
697 2369 833 2411 rocuratro
853 2358 881 2409 in
896 2356 984 2427 plures
1001 2377 1087 2413 annos
1106 2359 1212 2431 delega-

99 2425 332 2481 TaxatSenec.de
347 2421 499 2482 benefiat.
526 2422 637 2474 Proitis
678 2378 767 2480 latur.
808 2427 902 2495 Quare
921 2426 1025 2497 loseph.
1046 2429 1079 2480 Α.
1094 2428 1210 2493 Ι.18,8.

98 2495 213 2560 fortasse
225 2494 383 2567 ponendum
400 2502 438 2545 est
452 2494 493 2545 its.
586 2509 589 2514 ·
678 2493 819 2548 Tiberium
844 2494 1033 2552 continuandis
1059 2494 1210 2567 legatorum

135 2569 210 2626 unde
223 2561 310 2617 ceteri
327 2572 379 2616 etc.
414 2559 488 2614 Suet.
503 2559 553 2614 l.l.
588 2558 635 2620 Se·
677 2562 797 2634 imperiis
808 2581 917 2635 parcere
930 2564 1010 2617 sociis
1021 2574 1049 2616 et
1062 2565 1209 2632 provincia·

100 2653 160 2689 nec.
177 2634 195 2686 l.
209 2632 227 2684 Ι.
677 2631 747 2683 libus
762 2630 835 2685 dicte
869 2630 941 2682 'lum
957 2631 1152 2701 proconsulum
1165 2652 1211 2686 co·

137 2702 206 2755 Cae.
217 2702 261 2754 76.
278 2710 379 2754 auctus
394 2699 507 2753 Tiberis.
529 2697 565 2766 cf.
579 2696 634 2750 Dio
677 2700 784 2754 mitatus
796 2700 971 2769 frequentior,
983 2700 1112 2762 ornatior,
1122 2701 1212 2771 splen·

18 2767 25 2785 '
100 2773 143 2839 57,
166 2772 207 2823 14.
228 2770 357 2825 Viuidam
374 2769 433 2822 talis
450 2766 635 2821 inundationis
677 2767 783 2832 didior2
806 2785 941 2836 oneraque
954 2767 1016 2819 inde
1030 2768 1213 2824 redundantia

8 3153 9 3168 .
98 3118 179 3170 aliud
195 3170 198 3175 ,
215 3123 326 3179 tempus
364 3114 510 3179 differenti.
564 3101 637 3166 Ptin.

23 2845 28 2854 '
100 2838 312 2911 descriptionem
329 2837 387 2891 ride
401 2838 471 2910 apud
484 2836 557 2889 Plin.
574 2854 634 2907 epp.
676 2837 707 2890 in
721 2837 869 2903 provincias
882 2835 1012 2905 graviora.
1046 2835 1104 2890 Nec
1121 2847 1209 2892 tacen-
1274 2895 1278 2904 ,

96 2910 181 2971 8,17.
572 2941 577 2950 -
677 2906 759 2969 duur,
777 2904 850 2977 quod
862 2904 1037 2974 proconsules
1050 2917 1122 2959 sorte
1133 2905 1210 2962 ibant

133 2977 237 3031 renuit.
272 2975 345 3028 Nutu
358 2974 504 3037 recusavit,
523 2972 635 3026 utSuet.
676 2975 705 3028 in
725 2973 894 3045 provincias,
918 2974 1015 3028 Caesar
1029 2974 1129 3046 legatos
1142 2975 1209 3030 deli-

97 3048 149 3103 Iul.
166 3067 190 3100 c.
206 3046 248 3098 82.
265 3048 446 3112 renuentique
464 3053 491 3095 et
507 3052 587 3109 gestu
608 3044 636 3094 in
676 3044 766 3164 q'ebut.
807 3041 871 3094 lude
889 3041 994 3095 fortuiti
1017 3044 1082 3097 boni
1109 3045 1209 3115 praesi-

696 3130 740 3176 es;
763 3110 826 3165 hinc
839 3130 881 3164 res
912 3112 1047 3165 endebaut
1060 3131 1074 3165 e
1087 3114 1209 3168 Caesaris

100 3205 160 3256 epp.
182 3188 205 3247 1,
222 3183 248 3235 7.
266 3185 342 3234 Num
361 3200 412 3247 ego
429 3197 534 3251 quoque
549 3180 637 3260 simili
676 3199 749 3234 cura.
785 3178 877 3247 Quare
886 3131 1022 3251 ringustus
1036 3182 1208 3251 quumAsiae

98 3263 171 3307 nutu
197 3270 231 3304 ac
256 3261 359 3321 renutu
383 3254 552 3318 respondere
570 3258 634 3300 voto
676 3249 828 3322 provinciae
844 3260 930 3302 terrae
950 3250 1067 3303 motibus
1085 3250 1208 3307 adflictae

99 3332 147 3375 tuo
176 3337 300 3388 possum.
348 3317 451 3374 Graece
475 3312 633 3371 brevitor.
675 3335 835 3371 succurrere
855 3317 949 3380 vellet,
968 3315 1041 3371 misit
1059 3319 1208 3389 praesidem

98 3389 211 3445 Homer.
236 3389 267 3444 ll.
290 3389 331 3452 16,
354 3389 418 3444 2511.
461 3375 505 3444 De
536 3406 567 3440 re
597 3383 635 3441 cf.
676 3388 812 3460 suffragio,
826 3406 881 3438 nou
893 3395 965 3439 sorte
979 3387 1076 3439 lectum
1087 3388 1120 3441 ad
1133 3389 1207 3456 bieu-

98 3459 155 3513 Dio
176 3459 193 3511 l.
211 3459 230 3511 l.
677 3455 764 3509 nium.
788 3454 844 3507 Dio
857 3455 899 3514 64,
912 3453 954 3507 80.
978 3454 1049 3508 Deni
1070 3476 1117 3520 ue,
1131 3458 1208 3529 quod

130 3530 257 3596 perinde.
292 3523 396 3580 Graece
406 3528 483 3585 icoc.
675 3525 846 3607 potissimum
858 3535 910 3584 est,
929 3523 1027 3578 Caesar
1041 3475 1130 3597 plures
1145 3545 1208 3597 pro·

133 3601 271 3661 obtegens.
307 3595 334 3648 b.
347 3614 370 3648 e.
386 3592 569 3657 dissimulans,
592 3610 634 3645 re·
659 3594 778 3647 arucias
795 3611 941 3663 perunum
957 3592 1074 3664 legatum
1088 3596 1207 3667 regebat,

98 3666 166 3721 laus.
216 3664 321 3718 Graece
347 3659 551 3734 ἀποκρύπτειν,
583 3679 646 3713 nos·
675 3662 776 3783 puibus
803 3660 914 3731 singulis
941 3674 1002 3716 aute
1031 3666 1207 3735 proconsules

98 3735 290 3794 verdunieetn,
307 3733 395 3786 facere
407 3743 505 3785 utnon
518 3750 561 3784 aui
583 3728 634 3782 lius

99 3804 165 3875 quid
180 3801 278 3862 valeat,
304 3802 402 3854 honori
422 3799 534 3853 alicuius
575 3817 632 3852 ero·
674 3811 734 3853 turn
754 3795 912 3853 levabantur
923 3800 1021 3854 Achaia
1036 3811 1061 3852 et
1079 3799 1207 3853 Macedo·
1258 3833 1265 3848 .

8 3897 9 3902 ¹
88 3892 170 3945 ,gare
205 3871 249 3925 De
268 3891 298 3942 re
317 3869 352 3929 cf.
373 3870 448 3923 Suet.
467 3868 529 3922 Tib.
549 3866 631 3923 1569.
675 3867 730 3922 nia.
766 3867 801 3922 cf.
822 3888 847 3921 c.
866 3868 908 3920 80.
933 3868 1108 3935 Ρνονοςαίιιν
1132 3866 1208 3932 Pop·
1267 3929 1271 3935 .

98 3954 123 3998 et
136 3941 179 3994 63.
672 3954 745 4006 pereo
758 3937 861 3991 Sesdsiro
870 3940 1014 4004 provincia
1020 3936 1140 3998 Moesia,
1158 3939 1208 3989 ad·

130 4010 281 4063 coercendi.
320 4006 389 4060 Edd.
417 4004 542 4059 Beroald.
565 4004 634 4070 Rhe·
675 4007 742 4060 unis
770 4006 878 4061 Achata
912 4016 939 4057 et
969 4004 1076 4056 Maced.
1128 4002 1208 4071 Quae

98 4098 160 4134 nan.
173 4077 240 4138 Ald.
255 4076 434 4140 cohercendi,
452 4085 483 4127 ut
496 4089 586 4158 saepe.
664 4095 759 4160 'porro
773 4084 886 4126 monent
899 4073 950 4130 viri
969 4071 1042 4125 docti
1056 4070 1090 4124 de
1102 4071 1208 4130 avaritia

131 4149 275 4201 leuari...
293 4146 488 4211 proconsulari
509 4146 634 4210 cnaperio.
695 4142 889 4208 roconsulum,
920 4142 953 4194 de
974 4139 1089 4193 invalido
1109 4141 1138 4194 in
1160 4160 1207 4197 cos

18 4223 22 4232 '
97 4211 234 4272 Nimirum
243 4214 305 4286 quia
315 4213 408 4269 durius
415 4212 469 4268 hoc
476 4229 556 4282 quam
565 4212 633 4286 lega·
676 4164 768 4284 iegum
783 4207 899 4269 auxilio,
917 4217 945 4260 et
964 4209 997 4261 de
1015 4207 1072 4261 aliis
1091 4227 1207 4281 pronon.

689 3740 784 3783 ucrant
813 3730 927 3784 ferendi.
979 3730 1071 3802 anue
1102 3734 1208 3785 ratione
1288 3789 1296 3798 ,
