2792 4642
429 256 436 269 ¹
492 170 869 251 PRAEFATIO*
1163 199 1222 251 “xr
1251 214 1256 225 ·

85 391 93 402 ,
116 357 193 413 tum
220 335 388 408 historiae
408 296 621 419 scribendae
641 331 784 403 initium
805 331 890 401 inde
909 316 1059 426 cepisse,
1074 322 1129 408 ³ut
1148 352 1223 409 non

18 527 24 532 ,
116 467 208 536 opus
222 443 269 510 sit
279 437 440 526 longiore
452 431 559 515 huius
571 435 624 504 rei
637 434 866 526 expositione.
1031 450 1035 459 ·

222 594 255 689 ᾗ.
277 592 338 667 10.
372 582 490 661 Liber
510 582 553 657 de
574 579 792 658 Germania.
847 584 930 676 Quo
952 602 1108 683 tempore
1132 594 1225 669 liber
1243 600 1293 694 bg

116 700 162 765 de
185 693 379 766 Germania
398 690 591 784 prodierit,
623 691 727 759 docet
749 689 847 760 locus
867 715 897 763 c.
917 689 977 764 37.
998 688 1224 768 Sexcentesi-

117 824 218 866 mum
241 804 272 866 et
295 789 619 895 quadragesimum
640 815 782 861 annum
813 788 900 860 urbs
922 800 1049 863 nostru
1077 798 1225 891 agebat,

105 925 198 969 ¹cum
226 887 384 996 primum
407 888 641 967 Cimbrorum
664 888 797 963 auditu
820 901 907 963 sunt
933 917 1041 966 urina
1061 891 1225 973 Caecilio

117 997 274 1071 Metello
294 1021 338 1068 ue
352 992 507 1094 Papirio
519 988 689 1067 Carbone
711 1018 799 1066 coss.
848 986 920 1064 Ex
939 1017 1013 1093 quo
1031 995 1068 1067 si
1086 997 1143 1071 ud
1160 1002 1224 1074 ul·

118 1113 243 1172 terum
261 1095 493 1209 imperatoris
520 1092 688 1169 Traiani
713 1092 946 1168 consulatum
973 1111 1225 1197 computemus,

119 1201 265 1275 ducenti
270 1201 393 1305 serme
408 1209 440 1272 et
456 1195 570 1271 decem
587 1197 685 1271 unni
696 1195 934 1293 colliguntur.
975 1197 1122 1276 tamdiu
1129 1201 1225 1279 Ger-

118 1305 251 1376 mania
266 1301 431 1374 rincitur.
482 1301 574 1373 Nam
590 1303 620 1372 si
635 1303 853 1396 quaerimus,
877 1329 940 1374 cur
956 1301 1119 1395 Tacitus,
1144 1335 1226 1383 cum

117 1404 205 1478 haec
234 1409 416 1489 scriberet,
451 1403 491 1473 in
519 1405 582 1473 illa
609 1429 786 1474 annorum
811 1406 1074 1499 computatione
1101 1413 1147 1481 ad
1165 1414 1227 1482 >al-

117 1527 236 1582 terum
248 1508 396 1579 Traiani
409 1507 630 1576 consulatum
645 1507 858 1590 substiterit,
879 1509 939 1578 vix
956 1508 1063 1578 aliam
1076 1513 1152 1584 eius
1172 1517 1226 1586 rei

117 1614 293 1682 rationem
307 1609 527 1681 inveniemus
540 1633 646 1701 quam
663 1611 761 1701 quod
776 1609 927 1679 alterum
947 1625 1032 1681 tunc
1047 1609 1226 1688 Traianus

119 1715 351 1784 consulatum·
370 1724 514 1799 gereret.
576 1707 736 1780 Pertinet
757 1698 865 1800 igitui
887 1711 984 1783 illius
1009 1714 1095 1787 libri
1114 1720 1225 1791 edm„

118 1820 164 1897 ad
180 1841 264 1889 ann.
277 1817 357 1909 urb.
373 1808 460 1898 851.
472 1812 529 1881 vel
542 1806 627 1884 852,
1015 1824 1016 1827 ,
1121 1828 1130 1841 s.

223 1967 256 2061 ξ.
273 1968 332 2040 11.
360 1962 615 2035 Historiarum
636 1962 735 2037 libri.
785 1964 983 2060 Compositi
999 1958 1082 2042 sunt
1102 1976 1359 2078 eodern,l›7.;⁷a'

119 2070 276 2140 Traiano
296 2071 499 2160 imperante.
549 2065 771 2142 Documento
792 2085 876 2155 sunt
900 2073 1007 2141 verba
1028 2069 1121 2149 Hist.
1146 2075 1175 2163 L
1192 2078 1226 2156 1,

120 2167 267 2268 Quodsi
292 2169 368 2239 vitu
394 2162 612 2265 suppeditet,
651 2169 898 2269 principatum
926 2168 1007 2242 diui
1024 2170 1169 2247 Nerine
1192 2190 1226 2250 et

121 2273 311 2373 imperium
340 2267 523 2353 Traiani,
565 2270 763 2342 uberiorem
799 2271 1080 2375 securioremque
1109 2290 1225 2352 mute-

121 2376 237 2457 rium,
275 2373 450 2445 senectuti
479 2373 641 2469 reposui,
685 2399 775 2445 rara
808 2382 1006 2474 temporum
1029 2376 1225 2476 felicitate,

121 2464 187 2548 ubi
214 2475 345 2547 sentire
375 2497 467 2574 quae
497 2471 603 2555 uelis,
643 2483 675 2544 et
701 2499 794 2573 uuae
820 2476 961 2548 sentias
992 2475 1106 2553 dicere
1135 2482 1226 2557 lieet.

119 2581 211 2652 Nam
242 2574 301 2648 hic
333 2572 515 2670 epitheton
548 2570 627 2645 diui
656 2576 702 2646 ad
732 2604 864 2649 nomen
893 2579 1029 2652 Nervae
1060 2586 1226 2677 positum,

119 2682 290 2753 omissum
316 2680 360 2750 ad
381 2677 528 2748 Traiani
555 2678 767 2749 vocabulum
790 2681 874 2749 satis
895 2684 1011 2771 arguit
1037 2679 1123 2756 haec
1153 2713 1226 2759 esse
1320 2750 1322 2755 ,

120 2784 249 2874 scripta
279 2795 314 2851 et
346 2781 439 2852 edita
471 2795 727 2872 postmortem
751 2780 888 2875 Nervae
919 2798 954 2854 et
979 2780 1060 2857 ante
1086 2789 1226 2863 obitu'm

120 2881 281 2957 Traiani.
331 2880 571 2953 Historiarum
593 2907 698 2974 opere
722 2882 922 2975 complexus
939 2900 990 2957 est
1005 2913 1061 2958 res
1077 2887 1226 2978 Galbae,
1263 2966 1266 2971 4

120 2984 292 3071 Othonis,
310 2982 457 3068 Vitellii,
476 2983 693 3076 Vespasiani,
717 2983 793 3056 Titi
809 2998 842 3069 et
852 2984 1049 3060 Domitiani
1065 2989 1125 3086 (cf.
1132 2992 1225 3071 Hist.

121 3090 152 3174 l,
164 3092 201 3161 2.
220 3083 585 3184 quattuor-principes
597 3084 706 3186 serra
726 3086 943 3187 interempti)
963 3104 1029 3184 per'
1041 3109 1227 3187 quattuor.

119 3191 235 3261 decim
251 3189 380 3273 libros,
401 3201 442 3257 ut
455 3187 605 3271 videtur.
651 3187 706 3258 De
719 3193 998 3283 quattuordecim
1014 3195 1115 3266 libris
1128 3200 1226 3269 testis

120 3307 172 3362 est
197 3288 436 3384 Hieronymus
461 3288 500 3357 in
524 3292 785 3361 commentariis
814 3293 859 3361 ad
880 3290 1088 3369 Zachariam
1110 3284 1144 3373 ci
1165 3294 1225 3375 14.

120 3394 239 3463 Verba
255 3405 352 3460 sunt:
377 3387 479 3460 Haec
496 3390 620 3460 omniu
631 3388 840 3489 plenissime
852 3388 1051 3492 Iosephus,
1074 3400 1143 3497 ¹qui
1155 3396 1225 3471 Iu·
1336 3427 1341 3435 ·

123 3490 268 3564 daicam
285 3485 641 3589 scripsitbistoriam
656 3503 689 3562 et
710 3490 827 3564 multo
850 3494 1015 3581 maiora,
1037 3524 1148 3598 quum
1171 3501 1224 3573 le-

119 3597 243 3691 gimus
259 3594 299 3663 in
311 3588 518 3692 prophetis,
535 3616 593 3664 eos
608 3595 825 3667 sustinuisse
839 3613 1105 3671 commemorat.-
1129 3592 1224 3677 Co'r-

62 3780 66 3783 ,
114 3696 406 3803 ‘nuliuspuoque
421 3692 595 3779 Tacitus,
620 3696 687 3796 qui
703 3707 787 3797 post
807 3694 1015 3794 Augustum
1040 3704 1228 3805 usquead

121 3808 267 3871 mortem
283 3795 502 3868 Domitiani
517 3798 610 3867 ritas
623 3791 826 3870 Caesarum
849 3801 1005 3898 triginta
1029 3805 1226 3878 volumini-

120 3902 189 3973 bus
211 3899 391 3991 eatarauit.
454 3899 692 3995 Hieronymus
717 3904 812 3979 enim
838 3905 949 3980 libros
967 3903 1164 3991 Annalium
1191 3929 1226 3991 et

119 4004 358 4076 Historiarum
370 4027 442 4072 una
456 4003 544 4072 serie
560 4006 769 4079 numeravit.
819 4004 895 4074 lam
902 4002 1097 4091 Annalium
1113 4036 1224 4107 quum

120 4110 189 4179 sint
206 4090 375 4189 sedecini,
401 4105 485 4176 iude
502 4107 729 4201 consequitur
738 4106 978 4177 Historiarum
996 4109 1102 4181 fuisse
1123 4131 1224 4209 quat.
