2792 4642
194 988 199 994 ,
291 856 1101 1029 cconnncuracrrr,¹

643 1091 704 1139 ΑΒ

266 1218 269 1229 =
387 1203 593 1261 excessu
621 1158 970 1291 mvrnuousrl

183 1312 504 1439 ANJN
599 1268 1163 1453 Arrun

495 1453 499 1461 ι

348 1521 371 1567 ·,
444 1505 623 1615 Llssun
672 1509 897 1593 PRIMUS.

1048 1691 1236 1707 ῃ

197 1900 212 1939 Γ
386 1806 748 1895 nenorensem
791 1836 956 1893 crant.

114 1983 121 1999 .
218 1952 288 2007 Car.
305 1954 329 2006 1.
347 1950 397 2004 Rei
411 1949 549 2004 Romanae
569 1960 653 2004 status
669 1961 730 2005 ante
744 1951 908 2022 Augustum.
943 1951 969 2003 2.
988 1948 1052 2005 Eius
1066 1963 1135 2008 artes
1149 1966 1176 2010 et
1188 1957 1233 2013 via

113 2023 149 2077 ad
163 2022 201 2075 im
222 2024 318 2076 erium.
355 2019 381 2074 8.
401 2019 476 2073 Varii
493 2021 525 2072 ab
539 2020 663 2090 Augusto
676 2020 798 2074 destinati
815 2039 993 2073 successores.
1031 2020 1057 2074 4.
1075 2022 1166 2078 Status
1184 2045 1233 2078 re·

79 2112 92 2143 a
112 2111 176 2144 rum
192 2043 220 2144 ei
233 2092 342 2144 affectus
355 2090 454 2143 cisium
469 2090 518 2141 sub
531 2088 666 2159 Augusto.
698 2090 801 2143 Iudicia
814 2089 847 2141 de
862 2089 1072 2143 successoribus.
1108 2093 1134 2149 5.
1148 2092 1233 2148 Mor.

84 2194 86 2205 ι
113 2163 167 2215 bus
175 2158 306 2230 Augusti,
322 2172 349 2213 et
364 2178 439 2212 mors
452 2158 544 2211 celata.
575 2158 687 2213 Accitus
699 2159 733 2211 ad
745 2157 945 2213 successionem
958 2157 1091 2213 Tiberius.
1126 2160 1233 2216 &Cae-

115 2230 164 2282 des
180 2228 302 2282 Postumi
316 2230 382 2300 Agri
403 2246 459 2309 pac.
491 2225 526 2279 ’7.
538 2227 625 2280 Roma
640 2246 726 2301 prona
740 2228 769 2279 in
782 2227 950 2282 servitutem.
969 2227 1092 2282 iuratum
1106 2230 1135 2284 in
1147 2233 1232 2288 verbe

79 2301 93 2345 .’
114 2298 185 2350 novi
206 2298 342 2368 principis.
378 2248 443 2350 litus
462 2295 555 2349 callida
575 2296 771 2366 tergiversatio.
812 2296 838 2348 8.
858 2296 975 2378 Augusti
994 2308 1184 2354 testamentum
1205 2311 1232 2355 et

112 2367 234 2418 honores
254 2367 341 2420 eximii
361 2366 389 2419 in
409 2365 514 2418 funere.
527 2362 534 2379 ⁸
549 2365 576 2415 9.
595 2363 891 2436 DeAugnsto'iudicia
912 2384 941 2418 tn
958 2357 1100 2438 ritramque
1114 2381 1230 2439 partem.

112 2437 157 2491 10.
178 2434 280 2489 Iudicia
299 2436 431 2507 sequiora.
481 2436 522 2486 tt.
542 2431 666 2486 Tiberius
688 2434 833 2514 imperium
855 2433 968 2486 subdole
988 2439 1094 2500 renuit,
1118 2450 1232 2508 urgente

112 2511 218 2558 senatu.
242 2505 429 2558 Rationariunr
450 2501 566 2572 imperii.
604 2502 645 2553 12.
664 2502 760 2554 Asinio
774 2501 1011 2564 iratus'l'iberius,
1039 2503 1080 2556 18.
1096 2506 1238 2559 nostr-v

111 2572 223 2636 ruoilo,
245 2574 356 2629 Haterio
375 2583 401 2625 et
412 2572 529 2629 Scauro.
574 2568 614 2624 14.
633 2570 748 2623 Senatus
768 2571 885 2624 adulatio
905 2572 934 2623 in
948 2571 1068 2635 Liviam,
1092 2573 1231 2629 aTiberio

112 2653 270 2724 temperata.
303 2632 452 2707 *lb'ilatio
469 2640 653 2694 comitiorum.
689 2640 757 2692 Ludi
770 2638 939 2710 Augustales.
977 2642 1019 2692 16.
1039 2640 1141 2695 Seditio
1155 2642 1232 2699 Pau·

113 2730 276 2764 nomcarum
297 2711 448 2780 legionum,
473 2708 545 2762 Vlll.
568 2707 622 2762 lX.
635 2709 695 2762 XV.
717 2707 848 2771 Concitor
864 2706 1040 2762 Percennius.
1084 2710 1125 2762 17.
1145 2710 1231 2766 Huius

111 2779 254 2833 seditiosae
269 2781 426 2833 conciones.
469 2780 509 2831 18.
530 2777 607 2830 Furit
620 2777 712 2839 miles,
736 2795 818 2844 quem
832 2776 967 2828 moderari
981 2787 1097 2830 conatur
1110 2779 1231 2836 Blaesus.
1276 2818 1280 2831 .

112 2848 158 2901 19.
179 2848 287 2918 [legatio
302 2847 335 2900 ad
349 2847 509 2918 principem.
544 2849 588 2900 20.
609 2845 785 2899 [decrudescit
803 2844 908 2897 seditio.
945 2847 989 2899 21.
1008 2845 1117 2901 Blaesus
1132 2848 1231 2905 frustra

112 2916 260 2980 obnititur,
278 2914 321 2969 22.
333 2917 457 2971 Vibuleni
470 2915 556 2969 fallaci
571 2916 692 2969 facinore
707 2933 790 2984 paene
805 2932 956 2986 oppressus.
977 2912 1035 2969 23
1043 2915 1157 2971 Tribuni
1171 2920 1231 2974 mit.

111 2985 193 3056 pulsi.
225 2985 352 3038 Lucillius
367 3005 468 3038 caesus.
504 2985 547 3037 24.
569 2985 675 3037 Drusus
690 2982 815 3035 seditioni
828 2982 959 3037 sedandae
972 2984 1067 3037 missus
1081 3005 1096 3038 a
1109 2986 1229 3042 Tiberio.

110 3053 275 3107 &Drusus
290 3054 493 3107 litterasTiberii
508 3056 610 3114 recitat.
645 3052 689 3106 26.
705 3053 823 3105 Militum
837 3052 969 3124 postulita
984 3054 1080 3107 differt.
1109 3054 1230 3112 Clamor.

109 3124 161 3178 27.
179 3123 395 3176 Hinctumultus
409 3123 507 3176 acrior.
543 3122 649 3175 Lentuli
664 3122 822 3192 periculum.
860 3121 904 3174 28.
924 3121 1143 3195 bunaedelectio
1157 3126 1232 3185 sedi·
1303 3166 1306 3174 .

52 3223 55 3229 ,
110 3195 200 3245 tiosos
222 3202 319 3253 terret,
348 3209 398 3245 nec
419 3191 491 3244 deest
511 3191 651 3251 occasioni¹
666 3190 781 3255 Dmsus.
831 3190 875 3244 29.
895 3190 975 3244 Miles
995 3193 1073 3261 ponit
1090 3193 1230 3249 ferocienti
1287 3224 1291 3233 =

111 3261 159 3315 30.
180 3259 273 3331 Capita
288 3262 417 3313 tumultus
432 3280 517 3315 caesa.
546 3260 675 3331 Legiones
690 3258 808 3311 bibernis
821 3264 876 3327 suis
890 3260 1016 3313 redditae.
1052 3260 1096 3315 31.
1116 3261 1232 3317 Gravior

38 3354 50 3377 e
113 3332 204 3383 oritur
219 3330 313 3383 seditio
327 3330 463 3400 legionum
480 3327 793 3383 ootoGermanicarurn.
822 3328 865 3381 32.
881 3328 995 3382 Saevitia
1009 3329 1037 3380 in
1051 3333 1231 3386 centuriones.

111 3396 249 3453 Chaereae
262 3398 387 3452 lacinus..
412 3396 457 3450 38.
477 3396 655 3450 Germanicus
669 3395 766 3450 Caesar
780 3396 814 3450 ad
830 3398 947 3467 legiones
962 3416 976 3449 e
990 3395 1075 3451 Gallia
1090 3413 1232 3482 properat:
1262 3441 1264 3453 .

112 3464 159 3520 84.
177 3486 242 3535 quas
252 3466 290 3520 ad
310 3467 390 3520 fidem
407 3466 571 3520 cohortatur.
614 3465 658 3519 35.
676 3460 731 3518 Eae
752 3466 874 3536 querelas
891 3476 1036 3536 promunt:
1061 3486 1121 3538 pars
1143 3490 1233 3540 impe.

112 3537 189 3589 rium
204 3536 320 3590 offerunt
334 3536 431 3599 acriter
444 3536 589 3589 abnuenti.
617 3533 660 3591 36.
679 3534 807 3587 Remedia
822 3536 950 3604 quaesita.
985 3535 1029 3589 37.
1050 3538 1147 3601 Oblata
1163 3541 1233 3594 nris·

112 3606 157 3657 sio
171 3612 196 3656 et
208 3605 335 3674 pecuniae
353 3606 391 3657 sic
406 3606 514 3675 paulum
529 3608 655 3673 oppressa
670 3603 775 3656 seditio.
804 3603 856 3671 ³88.
870 3604 1004 3656 Vexillarii
1019 3607 1142 3659 turbant:
1162 3606 1233 3678 q'uoe

110 3673 222 3727 fortiter
242 3684 347 3728 coercet
361 3673 499 3726 Mennius.
541 3673 585 3726 39.
604 3672 704 3725 Denuo
724 3672 794 3743 legg.
811 3674 832 3725 l.
852 3683 878 3724 et
891 3673 951 3727 XX.
970 3675 1089 3727 turbant·
1125 3677 1233 3732 Caesari

110 3744 189 3801 vim,
208 3741 307 3794 Planco
325 3753 439 3795 mortem
455 3744 595 3795 intentant.
630 3741 673 3793 40.
691 3739 884 3800 Germanicus,
903 3741 958 3793 filio
973 3754 999 3794 et
1012 3762 1093 3795 uxore
1108 3744 1232 3811 dimissis,

109 3813 160 3869 41.
175 3810 253 3862 militi
275 3811 467 3880 poenitentiam
487 3811 585 3873 iniicit,
610 3810 653 3863 42.
667 3810 711 3862 48.
727 3821 786 3862 tum
808 3830 869 3864 eum
891 3808 1007 3862 facunda
1026 3812 1147 3864 oratione
1160 3815 1232 3871 allo-

133 3882 216 3933 uitur.
259 3878 302 3932 44.
322 3881 421 3933 Mutati
446 3896 544 3950 poenas
567 3881 595 3931 in
620 3898 647 3932 se
671 3882 743 3932 ultro
769 3886 900 3948 poscunt:
925 3880 1020 3931 noxios
1037 3880 1086 3948 ipsi
1122 3883 1229 3938 uniunt.

109 3901 295 4004 Menturiones
310 3949 371 4000 novi
388 3949 500 4002 suffecti.
537 3949 580 4001 45.
601 3947 633 4000 ln
647 3948 770 4000 turbidos
784 3948 871 4001 adhuc
885 3946 926 3999 vis
945 3958 1062 4017 paratur.
1133 3986 1140 4000 .
1160 3949 1250 4013 Tre„

110 4020 191 4092 pidae
208 4017 280 4071 urbis
299 4034 431 4070 rumores
465 4017 512 4071 47.
532 4017 655 4070 Tiberius
671 4019 722 4071 iter
737 4017 854 4068 simulat.
890 4016 932 4066 48.
954 4014 1110 4067 Germanioi
1132 4020 1230 4076 minae.
1248 4018 1270 4086 '¹

108 4089 155 4140 49.
177 4087 258 4142 Miles
273 4104 338 4139 suos
354 4089 504 4140 turbatores
518 4086 573 4158 ipse
588 4086 683 4141 caedit.
727 4087 769 4136 50.
789 4084 916 4135 Errorem
932 4080 1059 4153 expiaturi
1079 4082 1108 4133 in
1127 4084 1232 4143 bostem
1299 4107 1302 4111 ’

109 4167 186 4213 eunt.
218 4155 307 4211 Marsi
321 4156 451 4233 oppressi.
487 4158 529 4222 51.
544 4153 827 4224 Tanfanaetemplurn
842 4153 974 4206 dirutum.
1005 4148 1120 4204 insidiae
1137 4157 1164 4207 in
1185 4180 1232 4213 re-
1302 4214 1306 4223 Ι

162 4238 312 4303 Tacrrus
338 4232 363 4297 I.
643 4247 646 4253 ’
921 4222 991 4327 ,A-
