2792 4642
112 238 116 245 ·
172 185 305 291 tuti:
484 196 593 274 mn.
619 196 647 275 1.
697 195 876 278 cans.
1188 213 1236 289 19

116 336 312 427 mandante
339 377 418 422 eam
434 338 653 424 'sententiam
675 355 924 446 prompsisset?
954 372 1079 448 sponte
1102 342 1232 437 dixisse
1257 362 1264 373 '

16 542 18 553 .
116 457 323 550 respondit,
347 479 462 549 neque
475 456 516 524 in
529 457 594 540 iis,
620 478 710 548 quae
727 459 772 525 ad
790 482 865 526 rem
881 459 1061 550 publicam
1074 467 1232 555 pertine.

63 632 66 635 ,
116 574 218 644 rent,
243 558 394 629 consilio
408 557 478 626 nisi
495 580 560 627 suo
571 580 738 641 usurum,
763 559 820 626 vel
839 584 919 628 cum
939 564 1096 652 periculo
1115 569 1229 639 offen-

15 754 17 763 γ
66 696 70 701 ·
117 661 253 735 sionis.'
297 684 337 728 ea
360 659 435 728 sola
464 660 595 751 species
619 659 793 728 adulandi
826 677 1014 752 supererat.
1077 665 1230 741 Concla.

115 778 217 834 mant
234 775 352 856 patres
366 784 496 853 corpus
511 762 556 830 ad
571 766 697 850 rogum
716 755 872 830 humeris
892 779 1092 837 senatorum
1112 772 1229 842 feren-

115 866 215 938 dum.
272 861 424 934 Remisit
444 861 573 933 Caes'ar
604 862 790 953 adroganti
816 865 1074 963 moderatione,
1111 866 1325 978 popujpjn

113 1076 221 1131 viritim
233 1074 338 1128 dedisse
353 1075 406 1129 300
424 1092 553 1128 nummos
569 1073 593 1128 le
621 1092 651 1127 o·
690 1083 800 1134 tantur.
825 1086 856 1129 ut
868 1075 957 1130 inciae
972 1087 997 1131 et
1010 1081 1052 1133 vis
1065 1079 1133 1137 Hist.
1145 1082 1170 1147 8,
1184 1088 1227 1144 50.

114 1145 198 1200 uariis
220 1140 277 1197 aut*
290 1143 446 1198 cohortibus
473 1142 573 1200 civium
594 1092 650 1196 ffic-
691 1144 718 1205 4,
732 1143 775 1197 89.
798 1144 874 1207 ⁴269
894 1158 921 1200 et
936 1148 1017 1200 alibi.
1048 1151 1095 1204 Sic
1115 1166 1141 1206 et
1159 1154 1227 1211 Hirr.

113 1231 269 1268 manorum.
317 1212 372 1266 sed
399 1211 464 1282 quid
494 1211 650 1265 cohortibus
691 1211 767 1271 8,39.
782 1213 1072 1285 ed.Spir.iussobabet
1086 1238 1137 1289 pro
1153 1227 1227 1288 virm

113 1282 246 1336 urbanis?
286 1280 319 1334 ld
342 1281 440 1335 Noster
462 1292 547 1345 tacet3
575 1282 649 1351 quod
690 1282 718 1340 4,
731 1282 774 1334 41.
799 1283 894 1336 lobias
913 1304 963 1356 pro
978 1286 1089 1350 t‘rbmm
1111 1289 1165 1344 An.
1186 1296 1227 1357 14,

112 1359 204 1405 tamen
228 1350 364 1403 silentium
385 1369 441 1403 non
463 1351 547 1421 magis
572 1350 650 1403 mira·
690 1351 735 1404 26.
759 1370 809 1421 pro
834 1354 923 1405 tuasne
944 1353 972 1405 in
987 1354 1052 1410 MS.
1074 1357 1164 1413 Guelf.
1186 1373 1227 1417 est

49 1456 52 1467 ·
112 1421 197 1482 beris,
215 1417 647 1490 quamquotiDioomisitXXXV
691 1422 776 1473 visne.
812 1417 854 1472 cf.
875 1422 954 1474 etiam
974 1422 1113 1480 Drakenb.
1131 1428 1227 1485 adsit.

112 1487 264 1543 sestertium
287 1489 408 1541 tribubus
432 1488 525 1559 legata.
567 1486 661 1542 Nullo.
691 1487 805 1550 13,872.
847 1487 919 1543 llaec
933 1509 1021 1562 nuper
1036 1515 1051 1546 a
1067 1514 1110 1548 me
1126 1515 1226 1569 propo·

112 1556 197 1611 modo
210 1567 298 1611 autem
312 1557 378 1609 haec
392 1556 486 1609 idonea
501 1555 551 1610 erit
561 1575 648 1620 causa,
689 1555 830 1609 sita'nolui
842 1556 870 1608 iu
883 1558 1045 1613 oblivionem
1057 1563 1122 1628 clari,
1141 1585 1225 1637 quan.

112 1636 142 1678 ut
156 1623 245 1678 Taciti
261 1636 359 1678 textum
380 1624 413 1677 ad
435 1626 517 1677 alium
534 1626 647 1706 scripto·
676 1643 771 1694 ,quam
785 1644 858 1678 nunc
868 1645 977 1690 censeo,
990 1632 1149 1701 scripturam
1165 1636 1224 1689 vul.

111 1713 169 1747 rem
185 1692 310 1765 refingas.
345 1692 470 1746 Ceterum
485 1713 519 1749 ne
535 1692 648 1747 novissi·
689 1704 777 1763 getam
792 1693 900 1747 retineri
918 1714 1012 1766 posse,
1030 1702 1094 1751 dum
1109 1705 1224 1772 ussine.

110 1781 185 1817 mam
215 1763 269 1815 loci
295 1762 509 1817 emendationem
543 1762 648 1819 omitta·
689 1763 762 1827 sunt)
786 1761 900 1831 accipias
925 1782 974 1834 pro
995 1769 1135 1831 placuere.
1176 1773 1224 1826 Sir,

109 1851 186 1894 mus,
216 1829 401 1885 Herrmannus
429 1832 458 1884 in
483 1831 554 1884 notis
578 1849 648 1900 pro·
687 1830 809 1881 obterere
830 1833 960 1896 oppinum
981 1838 1071 1886 vasum
1096 1838 1158 1892 infr.
1182 1842 1224 1903 12,

109 1901 203 1970 ponit:
236 1901 396 1965 legionariis
419 1908 471 1953 out
494 1900 648 1952 cohortibus
689 1898 732 1950 16.
762 1898 937 1969 Kiessliugius
959 1903 1083 1958 coniicit:
1106 1925 1146 1959 ex
1160 1912 1224 1978 qui-

89 1962 93 1971 ’
108 1971 208 2039 duriam
220 1968 418 2021 Romanorum
432 1979 557 2021 trecenos
569 1970 647 2036 quib·
687 1970 740 2019 bus
753 1969 809 2035 qui.

108 2042 232 2104 genosue
253 2038 412 2105 (nummos)
437 2038 539 2091 virium
558 2041 645 2090 dedit.
679 2038 690 2046 ”
723 2046 754 2088 ut
765 2043 853 2102 porta
862 2037 996 2104 triumph.
1014 2050 1066 2095 etc.
1093 2045 1167 2113 quod
1182 2046 1221 2101 sa.

107 2108 238 2158 cohortes
267 2105 363 2176 accipit
390 2126 441 2176 pro
471 2125 581 2176 genere,
614 2117 651 2171 ut
686 2115 760 2159 ctum
775 2104 857 2158 relert
869 2105 924 2159 Dio
940 2107 982 2171 56,
997 2107 1040 2161 42.

107 2174 272 2247 legionariae
297 2183 342 2226 aut
366 2175 467 2229 civium
487 2176 566 2229 lions.
590 2175 645 2230 sint
731 2174 872 2229 Messalla.
924 2172 970 2229 Sic
1003 2178 1064 2232 edd.
1095 2181 1220 2241 Beroatd.

106 2243 223 2313 species.
255 2243 308 2295 Sed
322 2241 387 2315 baec
402 2245 455 2305 iam
471 2243 541 2297 satis.
687 2241 781 2296 Oberl.
795 2241 907 2296 Bellen
926 2243 1097 2302 Li'memann.
1120 2251 1154 2304 cl.
1173 2250 1220 2305 Se·

145 2311 206 2364 visi.
255 2308 322 2364 Cod.
347 2311 409 2364 MS.
438 2312 497 2365 edd.
520 2309 643 2365 Beroald.
685 2330 744 2364 nec.
758 2312 791 2363 de
806 2311 880 2366 brev.
895 2311 944 2367 vit.
960 2335 985 2368 c.
1001 2315 1219 2378 13.-Rhenan,

105 2378 196 2434 Rben.
209 2391 237 2433 et
250 2399 307 2452 sqq.
322 2400 415 2433 omnes
432 2382 494 2433 vesi:
518 2391 644 2446 orporea
684 2391 711 2432 et
725 2399 801 2450 seqq.
811 2380 930 2448 editores
948 2383 1076 2438 dederant
1088 2389 1220 2447 Messala.

106 2460 160 2502 etc.
196 2449 249 2502 sed
259 2450 351 2502 locum
366 2451 431 2503 vitio
442 2451 564 2502 laborare
575 2452 644 2503 bene
685 2447 894 2502 chanrslrorn.
910 2448 961 2504 Gr.
978 2452 1058 2519 §.15.
1078 2475 1105 2527 p,
1120 2458 1162 2511 18,

105 2518 174 2572 vidit
189 2516 393 2588 Wopkensins.
440 2517 509 2571 Nam
540 2527 644 2591 praeter
719 2521 911 2569 renouandum
922 2538 952 2585 p.
966 2541 995 2574 o.
1009 2539 1033 2574 s.
1057 2534 1108 2577 etc.
1146 2527 1220 2581 Bene
1267 2554 1272 2563 ·

104 2605 206 2640 nexum
222 2588 350 2639 idoneum
364 2588 551 2657 adponuntur,
574 2602 643 2656 quae
685 2584 783 2637 Wotf.
809 2587 929 2649 monuit,
961 2610 1009 2658 per
1040 2593 1219 2660 egressionem

105 2666 258 2728 sequuntur
286 2666 348 2726 post
373 2658 431 2719 υἱεῖ.
479 2655 642 2708 particulam
683 2653 750 2707 baec
772 2652 1042 2732 additaa‚Messalla;
1066 2680 1117 2712 nec
1133 2682 1219 2717 sacra.

105 2735 139 2779 att
166 2724 260 2777 referri
286 2724 319 2776 ad
344 2725 398 2777 visi
416 2732 506 2778 vetant
530 2725 641 2776 nomina
683 2732 848 2795 mentum'm
863 2740 965 2777 nomen
978 2726 1120 2799 aliudesse
1134 2749 1218 2800 quam

105 2794 282 2861 censentium¹
302 2810 378 2845 curn¹
391 2793 472 2845 serbo
499 2808 642 2855 censuere3
682 2792 711 2845 in
726 2793 823 2851 verba,
844 2809 869 2843 c.
884 2790 909 2842 7.
925 2822 935 2839 .
1206 2852 1209 2859 ,

103 2873 138 2915 ut
160 2862 276 2916 verbum
302 2862 440 2915 visicur'n
460 2858 574 2914 Wolfio
599 2880 640 2914 ex·
716 2860 826 2925 spectes·
872 2857 923 2911 Ed.
953 2860 1077 2918 Beroald.
1109 2873 1216 2937 spetiem

92 2931 204 3004 ,plicesr
235 2930 305 2994 „visi
327 2941 389 2983 sunt
411 2931 451 2993 hi,
482 2931 640 3000 quistatim
681 2946 750 2999 quae
765 2928 897 2997 scriptura
917 2931 1071 3001 saepissime
1083 2937 1163 2993 obvia
1176 2951 1216 2996 est

101 2997 278 3071 ponuntur’',
299 3010 376 3069 atque
384 3000 529 3070 <sequentia
544 2999 579 3051 tta
592 3018 641 3070 per
680 3000 709 3051 in
725 3006 785 3048 vett.
801 2997 861 3049 edd.

21 3118 29 3135 ‚
102 3088 133 3121 se
156 3077 297 3130 constent,
321 3077 476 3120 contortum
506 3078 559 3126 est.
589 3078 640 3120 nec
692 3082 814 3131 ,ιοφω
834 3070 873 3118 od
891 3085 916 3120 r.
932 3067 1129 3136 ..serendum
1166 3077 1215 3131 Fa.

13 3132 15 3135 ¹
100 3155 228 3207 unquam
243 3128 367 3188 Tacitum
384 3144 440 3190 t'am
457 3136 585 3189 dissoluto
601 3134 639 3189 di·
681 3146 755 3187 ctum
784 3134 864 3190 reteri
889 3135 1086 3195 Somou-Oct.
1109 3149 1215 3201 c.1oe.

102 3204 185 3258 cendi
236 3223 315 3256 enere
344 3223 423 3257 usum
448 3204 638 3276 deprehendes.
680 3202 767 3255 Diui.
783 3200 800 3254 l.
889 3231 892 3238 ‹

100 3276 161 3327 lam
228 3272 291 3344 opk.
308 3273 348 3326 rel
366 3275 569 3354 expungendum
590 3275 643 3325 utici
715 3272 840 3325 Remisit.
874 3272 994 3345 Operam
1010 3286 1036 3328 et
1048 3278 1137 3332 oleum
1153 3301 1215 3353 per·

102 3341 145 3394 vel
157 3342 252 3413 duplex
263 3353 294 3394 nt
305 3343 459 3406 nominibus
473 3342 638 3395 censentium
681 3339 772 3393 didere
786 3341 956 3412 interpretes,
978 3355 1007 3397 ut
1023 3348 1105 3400 verbo
1125 3354 1214 3403 remi·

99 3410 304 3484 praefigendum
331 3412 463 3464 censebat.
510 3410 564 3463 Sed
590 3411 638 3463 ista
679 3411 716 3462 sit
734 3410 905 3481 permittendi
925 3412 1146 3482 significationem
1168 3422 1214 3474 eli·
1244 3436 1246 3441 ·

100 3480 214 3552 quidem
238 3481 278 3535 ris
303 3490 350 3533 est.
394 3479 499 3533 Leviori
518 3478 637 3532 remedio
680 3488 786 3541 (terent,
805 3496 874 3547 quae
889 3483 1024 3539 tamenab
1038 3483 1090 3539 hoc
1123 3488 1214 3552 uidem

94 3551 181 3604 'locus
202 3550 288 3603 sanari
310 3559 413 3620 potest,
435 3568 472 3601 sc.
487 3548 568 3600 rerbo
587 3547 642 3600 vt'si
679 3548 743 3600 loco
763 3549 857 3601 aliena.
867 3559 923 3613 est;
938 3551 1051 3620 genuina
1065 3567 1155 3624 potrus
1169 3558 1214 3613 bic

70 3628 73 3633 '
99 3628 208 3672 mutato
223 3618 251 3670 in
265 3618 348 3678 iussi,
372 3628 398 3670 et
414 3616 526 3689 pleniori
547 3615 638 3669 distin·
679 3634 727 3669 sua
744 3617 771 3687 vi
788 3617 814 3670 id
830 3618 943 3670 verbum
960 3620 1057 3684 utitur,
1075 3625 1213 3695 insinuem

97 3687 195 3742 ctione
207 3687 292 3757 posita
306 3685 578 3742 antentijerbum
595 3687 639 3739 itt-
680 3704 694 3737 e
714 3688 822 3759 summo
844 3686 927 3755 gradu
949 3687 977 3741 in
1000 3689 1133 3744 minorem
1153 3713 1213 3748 ver·

95 3759 165 3810 berc
180 3758 258 3829 plane
275 3758 312 3810 sic
325 3755 443 3810 adhiberi
458 3754 491 3806 de
504 3754 549 3816 iis,
569 3770 638 3823 quae
678 3764 750 3814 tere,
766 3754 941 3818 imminuere,
959 3756 1052 3809 laxare.
1087 3760 1122 3813 cf.
1137 3761 1212 3816 Caes,

96 3825 172 3896 apud
200 3835 324 3879 senatum
347 3824 543 3886 decernuntur,
580 3842 637 3874 non
678 3822 712 3874 B.
728 3821 763 3874 G.
777 3821 862 3882 ,1,44.
882 3824 909 3875 si
925 3827 1092 3889 stipendium
1112 3834 1212 3882 remit·

96 3907 153 3959 est,
182 3892 260 3966 qnod
280 3911 420 3955 moneam,
446 3891 578 3961 docetque
599 3892 637 3943 lo·
679 3901 757 3942 tatur
776 3890 802 3942 b.
824 3912 847 3944 e.
869 3891 1052 3946 imminuatur.
1098 3895 1221 3965 sueton„

94 3982 146 4020 cus
167 3964 237 4027 Hist,
254 3961 281 4020 4,
296 3961 339 4013 40.
366 3962 468 4013 Patres
491 3969 638 4028 utrumque
678 3958 728 4013 lul.
748 3979 771 4012 c.
789 3959 831 4015 38.
856 3978 982 4014 annnam
1007 3964 1211 4021 tmoitao'cnem
1243 4020 1246 4033 p

93 4037 213 4089 t'umre.
249 4031 397 4083 Innumero
417 4040 508 4082 autem
529 4027 635 4081 suntin
678 4029 995 4095 usqueodbinnrnillia
1013 4046 1159 4084 cononum
1176 4071 1213 4084 .-

92 4114 161 4158 vett.
176 4098 262 4156 Mss.
282 4097 403 4169 exempla
423 4099 481 4167 eius
500 4096 635 4151 confusio·
660 4092 808 4151 ”reort‘sits
828 4096 965 4150 Nimirum
977 4096 1063 4149 Tacit.
1079 4099 1123 4153 hic
1133 4103 1212 4174 plane

86 4173 152 4239 nis,
168 4168 366 4246 quatsyllabae
388 4167 419 4218 υἱ
434 4176 460 4220 et
481 4168 516 4219 iu·
530 4183 635 4238 permu·
676 4165 748 4217 idem
762 4166 934 4236 dicit‚.quod
950 4165 1024 4218 Soet.
1040 4166 1104 4229 Oct.
1119 4179 1212 4232 0100,

767 4238 920 4333 oo
