2792 4642
190 163 268 237 sas
598 157 904 242 auuattutu
1118 153 1254 252 cett.

289 313 386 389 1le.
416 309 473 386 Aa
488 314 581 385 forte
598 314 672 385 illis
691 311 820 386 diebus
839 316 999 388 oblatmn
1016 313 1159 388 Caesari
1178 342 1306 410 auceps

187 420 385 515 periculum
398 416 497 488 auxit
509 441 600 490 vana
612 419 768 488 rumoris
779 418 1012 513 praebuitque
1027 420 1096 512 ipsi
1107 421 1304 507 materiem,

188 547 252 593 eur
262 521 439 591 amicitiae
451 520 740 614 constantiaeque
746 519 871 592 Seiani
882 522 994 612 magis
1005 523 1141 595 fideret.
1172 520 1304 593 Vesce-

114 703 117 716 ,
165 625 320 696 'banmt
336 623 378 692 in
399 622 507 705 villa,
529 620 818 718 cuivocabulusn
831 623 1049 715 Speluncae,
1075 622 1303 695 mareAmn-

92 781 95 794 .
186 727 330 796 clauum
346 724 440 794 inter
453 721 719 818 Fundanosquc
737 738 878 794 montes
891 726 1014 796 nativo
1027 726 1067 796 in
1080 749 1197 818 specu.
1227 726 1302 796 eius

186 851 227 899 os
249 828 357 920 lapsis
377 838 522 918 repente
543 827 635 896 saxis
653 826 777 898 obruit
795 827 969 923 quosdam
988 827 1188 898 ministros:
1216 822 1301 898 hine

185 943 303 1001 metus
319 928 360 998 in
372 952 498 1026 omnes
511 942 547 998 et
560 929 643 1020 fuga
661 914 805 1013 corum,
835 929 901 1022 qui
920 929 1127 999 convivium
1145 931 1300 999 celebra-

184 1033 284 1106 bant
332 1028 484 1103 Seianus
504 1053 598 1120 genu
617 1031 790 1124 vultuque
810 1045 846 1101 et
863 1032 1030 1102 manibus
1048 1055 1155 1123 super
1173 1029 1299 1102 Caesa-

183 1159 261 1206 rem
274 1156 462 1226 suspensus
476 1131 642 1224 opposuit
663 1156 737 1201 sese
756 1132 1017 1219 incidentibus,
1047 1147 1153 1227 atquc
1174 1129 1299 1204 habitu

184 1237 247 1309 tali
260 1247 419 1329 repertus
431 1247 517 1304 esta
529 1234 724 1319 militibus,
749 1235 813 1329 qui
823 1234 981 1304 subsidio
994 1250 1177 1307 venerant.
1218 1234 1298 1304 Ma-

183 1338 241 1409 ior
254 1363 295 1408 ex
306 1361 367 1414 co:
396 1350 430 1406 et
442 1357 646 1429 quanquam
658 1336 805 1406 exitiosa
817 1337 995 1422 suaderet,
1021 1350 1150 1407 utnon
1164 1338 1220 1408 sui
1234 1362 1297 1405 an-

180 1442 261 1511 xius
276 1463 356 1509 cum
369 1437 439 1506 fide
458 1437 679 1512 audiebatur.
730 1436 1048 1533 Adsimulabatquc
1067 1439 1195 1508 iudicis
1215 1463 1295 1531 par-

105 1613 110 1622 ,
182 1555 235 1612 tes
246 1541 413 1610 adversus
422 1535 629 1609 Germanici
641 1540 803 1632 stirpem,
817 1540 968 1610 subditis
982 1542 1046 1635 qui
1058 1554 1296 1611 accusatorum

180 1642 328 1713 nomina
354 1641 569 1712 sustinerent
593 1641 814 1736 maximeque
839 1643 1095 1714 insectarentur
1118 1641 1296 1714 Neronem

179 1745 383 1838 proximum
395 1744 608 1816 successioni
621 1757 655 1815 et
667 1768 872 1838 quanquam
886 1746 1044 1815 modesta
1060 1745 1205 1814 iuventa
1219 1745 1295 1837 ple-

180 1870 332 1941 rumque
351 1859 488 1931 tamen,
513 1846 602 1939 quid
622 1846 662 1914 in
679 1833 958 1939 praesentiarum
975 1848 1205 1931 conduceret,
1230 1847 1295 1916 ob-

179 1947 302 2034 litum,
335 1948 459 2020 duma
477 1947 615 2018 libertis
629 1961 665 2018 et
682 1948 872 2020 clientibus
890 1949 1098 2041 apiscendae
1117 1950 1293 2042 potentiae

177 2052 340 2148 properis
368 2050 630 2135 exstimulatur,
676 2064 719 2121 ut
746 2064 900 2118 erectum
929 2063 964 2120 et
990 2052 1158 2122 fidentem
1183 2050 1293 2120 animi

177 2154 391 2225 ostenderet:
416 2152 508 2219 velle
524 2151 562 2219 id
576 2150 750 2242 populum
765 2148 988 2238 Romanum,
1014 2175 1141 2245 cupere
1162 2153 1292 2222 exerci-

177 2269 250 2327 tus:
282 2275 394 2346 neque
410 2274 578 2320 ausurum
595 2265 718 2321 contra
734 2249 922 2338 Seianum,
955 2255 1018 2348 qui
1038 2280 1135 2346 nunc
1154 2255 1293 2348 patien-

176 2356 264 2430 tiam
277 2354 370 2423 senis
386 2365 421 2422 et
435 2352 622 2444 segnitiam
635 2347 775 2423 iuvenis
789 2355 886 2425 iuxta
902 2355 1058 2430 insultet.

276 2453 355 2529 LX.
379 2451 476 2525 Haec
498 2469 603 2549 atque
623 2456 707 2526 talia
727 2457 888 2530 audienti
900 2453 992 2527 nihil
1008 2458 1152 2552 quidem
1163 2475 1290 2549 pravae

176 2557 417 2650 cogitationis:
448 2558 510 2626 sed
533 2556 714 2640 interdum
733 2559 837 2628 'voces
857 2560 1096 2651 procedebant
1109 2573 1290 2629 contuma-

176 2686 233 2732 ces
245 2675 280 2732 et
291 2659 529 2745 inconsultae,
544 2684 632 2753 quas
644 2660 797 2752 adpositi
810 2661 971 2730 custodes
984 2675 1143 2753 exceptas
1154 2674 1289 2731 auctas-

175 2789 245 2860 que
264 2789 346 2834 cum
365 2764 543 2833 deferrent
561 2786 677 2856 neque
690 2760 824 2832 Neroni
842 2763 1030 2831 defendere
1046 2764 1208 2848 daretur,
1232 2762 1288 2831 di-
1376 2837 1377 2852 χ

172 2890 293 2964 persae
315 2867 460 2958 insuper
480 2863 761 2933 sollicitudinum
786 2865 921 2933 formae
945 2864 1162 2936 oriebantur.
1206 2888 1288 2932 nam

209 3038 277 3093 Can.
285 3038 328 3091 59.
345 3039 631 3092 mureAmuclanum.
662 3033 711 3090 stc
750 3036 866 3091 sultabst
886 3035 920 3090 de
945 3035 1107 3092 criminibus
1130 3046 1158 3092 et
1179 3046 1287 3108 rogatus
1375 3033 1376 3036 '

174 3107 353 3166 edltbcnan.
366 3125 427 3178 sqq.
463 3106 711 3159 Mareamsctans
750 3104 911 3158 oententism
941 3103 1064 3168 dicebat,
1096 3117 1224 3175 tanquam
1245 3103 1285 3158 'ab

125 3239 128 3246 ,
173 3177 218 3233 οδ.
231 3177 295 3230 Ber.
303 3176 581 3230 Mareanmnaanum
594 3171 709 3228 etate.
751 3175 827 3226 omni
845 3174 963 3245 portium
981 3175 1072 3228 studio
1091 3171 1204 3227 alienus.
1239 3172 1281 3226 Nil

207 3245 306 3301 uates
331 3253 441 3312 partes.
494 3244 541 3297 Sic
563 3242 626 3297 cod.
648 3240 709 3295 MS.
751 3241 833 3314 igitur
854 3261 921 3313 opus
942 3247 980 3298 est
1002 3245 1160 3298 coniectura
1179 3241 1283 3301 Kritzii.

172 3315 235 3374 cdd.
250 3324 312 3368 vett.
347 3312 421 3368 Male
438 3312 603 3368 recentiores
620 3310 709 3364 edito·
751 3309 798 3383 qui
823 3311 879 3363 vult
900 3313 1110 3364 dissimulabat.
1154 3313 1282 3379 (Allgem.

172 3404 218 3439 res
248 3392 360 3437 auctore
391 3381 527 3436 Oberlino
559 3380 593 3433 ad
621 3398 708 3432 unum
751 3382 863 3437 Sebula.
878 3379 953 3433 1830.
973 3401 1015 3435 nr.
1031 3382 1083 3451 17.)
1293 3429 1299 3434 .

172 3470 268 3512 omnes
280 3462 439 3521 receperunt
453 3449 556 3504 Mureti
571 3447 709 3505 coniectu·
785 3450 815 3500 in
842 3451 1084 3518 praesentiorem.
1140 3449 1180 3504 ll]
1201 3470 1225 3503 e.
1255 3451 1284 3503 s'n

171 3541 246 3578 ram:
270 3522 378 3573 indies.
413 3520 482 3573 Nam
500 3519 601 3570 r'rsdieis
620 3521 710 3588 partes
748 3519 912 3583 praesentia
929 3536 1034 3573 rerum.
1070 3516 1106 3571 cf.
1123 3518 1288 3573 Rasnshorn.'

171 3611 230 3648 non
248 3586 361 3648 debebat
377 3590 554 3644 adstipulare
567 3586 595 3639 b.
608 3605 708 3657 c.spe⁴
752 3583 801 3639 Gr.
821 3586 915 3653 51⁵0.
955 3588 1039 3641 .290.
1058 3586 1121 3642 Not.
1136 3592 1161 3641 1.
1196 3587 1281 3642 Plaut.

172 3662 243 3716 olem
263 3656 360 3711 iudicis
399 3676 444 3710 rae
463 3675 492 3708 se
509 3654 594 3734 les-rc,
611 3657 708 3723 ‘quum
751 3654 829 3725 Cspt.
846 3655 911 3718 Μ,
925 3608 967 3710 ib
991 3656 1074 3729 Quod
1093 3656 1123 3709 ἰη
1140 3674 1280 3732 νημαι.

171 3729 241 3785 alius
252 3677 397 3791 esset3sel
405 3724 518 3778 debebat
530 3721 708 3795 dissimulare,
749 3723 825 3777 ducis
841 3729 931 3780 telam.
1138 3761 1140 3767 ,

172 3796 303 3882 quonism
323 3795 432 3849 uolebat
455 3802 550 3845 auctor
574 3790 706 3845 crimina·
786 3789 854 3847 Cer.
872 3792 915 3848 60.
946 3811 1018 3863 quas
1036 3832 1044 3849 .
1059 3834 1087 3850 ..
1108 3797 1279 3850 oriebantur.

89 3905 94 3910 .
171 3878 254 3923 tsoms
269 3863 362 3920 videri.
397 3862 502 3915 Iudicas
512 3871 611 3928 portes
625 3863 707 3913 adsi·
749 3860 823 3915 luter
842 3867 960 3917 daretur
980 3874 1007 3915 et
1025 3864 1279 3926 diversaeTacitus

172 3934 373 3991 mutaturus.
386 3930 567 3993 subornabat,
583 3926 708 4001 quiGcr·
750 3949 827 3983 more
856 3951 907 3987 suo
936 3941 962 3983 et
987 3952 1018 3984 es
1040 3952 1090 3986 usu
1115 3931 1276 3988 Graecorum

170 4003 271 4058 manici
290 4004 399 4073 stirpem
418 4009 576 4053 accusarent
593 4002 665 4068 apud
678 4016 708 4051 se
750 3998 851 4054 omittit
869 4020 938 4072 quse
957 4020 974 4053 s
989 4010 1114 4054 contextu
1127 4002 1205 4058 tacite
1217 4021 1277 4073 pos·

170 4081 196 4125 et
214 4071 354 4124 Tiberium
375 4071 421 4137 (ne
441 4077 518 4137 putes
538 4087 553 4120 a
574 4065 609 4120 ud
626 4085 707 4119 sena·
750 4079 814 4122 sunt
830 4067 953 4138 intelligi.
993 4069 1104 4123 Plenius
1124 4070 1278 4141 scripsisset:

171 4144 258 4210 tum),
275 4138 332 4212 ipse
342 4139 439 4193 deinde
452 4087 631 4191 cnm‘liberio
643 4153 709 4189 con·
751 4154 815 4190 cum
832 4138 976 4208 deferrent
997 4156 1085 4207 neque
1098 4176 1140 4195 ...
1152 4143 1276 4206 daretur,
