2792 4642
77 3127 80 3136 Ἰ
176 3076 300 3122 accurate
326 3066 443 3121 distinxit
465 3068 497 3129 ab
517 3065 550 3119 iis
573 3067 711 3127 militibus,

71 3381 75 3390 ,
174 3340 288 3411 legionis
303 3353 440 3394 *numeros
465 3340 556 3396 habiti.
597 3340 634 3397 cl.
655 3343 723 3395 An..

175 173 228 257 bl
319 183 323 198 ⁸
501 227 506 238 ·
574 173 877 251 ANNALIUM
1101 171 1233 271 2:23⁷&

174 329 351 430 praesenti
386 327 542 405 duorum
575 323 732 406 militum
760 319 944 426 supplicio
960 333 1107 424 paulum
1133 336 1286 428 repressi

176 451 269 511 snat.
348 435 500 507 Iusserat
542 437 581 512 id
633 435 806 532 Mennius
849 449 1043 505 castrorum
1087 438 1285 529 praefectus

175 535 273 609 bono
295 540 406 629 magis
430 540 587 631 exetrplo
611 564 720 635 quam
740 559 902 608 concesso
924 538 1011 610 iure.
1073 539 1202 608 deinde
1224 540 1297 635 in-⁴

175 655 388 712 tumescente
400 654 501 710 motu
520 639 690 734 profugus
712 655 957 733 repertusque,
978 652 1165 733 postquam
1186 640 1285 712 intu-

126 829 131 836 ¹
174 759 231 814 tae
249 743 430 828 latebrae,
468 744 685 836 praesidium
718 745 763 812 ab
796 743 942 832 andacia
972 755 1168 816 mutuatur:
1208 767 1286 813 non

173 847 390 939 praelectum
410 846 455 915 ab
475 843 539 933 iis,
569 848 629 917 sed
648 843 903 915 Gennanieum
921 845 1063 929 ducem,
1093 845 1154 914 sed
1174 842 1287 915 Tibe-

125 977 131 1028 ':
175 949 270 1019 rium
296 949 543 1041 imperatorem
568 945 707 1020 violari.
766 946 872 1015 simul
891 943 1063 1016 exterritis
1085 948 1150 1041 qni
1173 947 1286 1017 obsti-

174 1145 222 1202 ssd
238 1145 363 1204 adfirmat
380 1156 460 1217 etque
477 1144 523 1202 ait.
566 1142 630 1200 Sed·
637 1142 712 1199 Her*
731 1173 732 1180 κ
752 1161 851 1200 norum
872 1119 1041 1207 institutum,
1067 1155 1099 1198 ut
1114 1155 1221 1216 pneter
1239 1146 1287 1200 tri-

175 1215 232 1270 telii
244 1233 326 1288 opera
340 1215 369 1268 in
382 1214 475 1268 bae‘re
484 1213 569 1284 posita
583 1233 640 1267 non
651 1215 710 1269 abs·
752 1215 825 1283 ginta
849 1212 1015 1334 uunipulos,
1041 1228 1071 1265 ex
1092 1213 1189 1286 quibus
1210 1234 1286 1269 com·

173 1285 272 1339 terruit
285 1282 465 1344 Watehtum,
489 1283 556 1352 quin
582 1281 617 1337 atl
642 1281 708 1336 Tac.
751 1282 902 1403 ponebatur
927 1282 1001 1352 egio,
1018 1281 1140 1335 adessent
1155 1283 1183 1334 in
1202 1277 1287 1338 subd»
1337 1293 1343 1336 .'

175 1354 243 1423 Δρ.
268 1371 298 1408 ο.»
312 1350 489 1405 18.ὐΙ)πίιιο
513 1350 547 1405 tle
566 1351 710 1408 vexillariis
770 1351 798 1404 io
815 1347 928 1420 legionis
947 1350 996 1406 tria
1017 1350 1119 1406 vexilla.
1165 1350 1287 1404 Primum

176 1429 328 1496 exponeret.
369 1417 484 1473 Strenue
503 1431 597 1480 contra
615 1419 709 1476 Picbe·
751 1418 878 1476 vesillum
903 1419 1049 1489 antiquitus
1077 1419 1184 1473 triarios
1205 1420 1287 1474 duoe-

176 1507 239 1545 nam
253 1497 408 1559 ceterosque
423 1485 541 1542 defendit
552 1489 633 1561 Lipsii
649 1507 708 1541 sen·
751 1488 810 1550 bat,
837 1497 995 1541 veteranum
1019 1486 1131 1546 militem
1155 1499 1329 1559 spectatae¹¹

119 1559 126 1566 “
175 1557 302 1617 tentiam,
325 1556 475 1611 vexillarios
493 1576 550 1610 esse
569 1567 710 1611 veteranos
751 1555 871 1621 virtutis;
887 1556 1037 1610 secundum
1049 1556 1182 1619 rorarios„
1195 1559 1286 1626 minus

176 1635 238 1699 post
249 1625 517 1682 exauctorationem
539 1626 710 1680 udverillum
752 1625 859 1679 roboris
886 1635 972 1678 aetate
996 1624 1140 1696 lactisque3
1173 1626 1286 1688 tertium

133 1758 137 1766 ι
175 1702 295 1748 retentos
315 1692 363 1759 (cf.
382 1705 456 1765 supr.
477 1714 502 1749 c.
518 1645 584 1765 ll),
611 1713 656 1748 eos

176 1762 263 1817 dictos
294 1761 444 1835 suspicatur
474 1782 532 1817 non
563 1765 586 1819 a*
603 1713 711 1824 vexillis.
753 1781 830 1817 num.
863 1763 899 1817 cl.
918 1761 976 1817 Liv.
997 1764 1021 1826 8,
1035 1762 1082 1815 8.v
1105 1762 1161 1816 lam
1181 1762 1287 1817 triario·

177 1849 246 1904 quae
285 1849 317 1883 ro
337 1831 420 1901 signis
440 1835 640 1906 usurpaverint,
663 1830 710 1885 sed
752 1851 828 1891 rum,
860 1831 1037 1898 rorariorurn,
1056 1841 1083 1884 et
1108 1850 1287 1886 accensorum

177 1849 301 1957 avexibo
312 1898 424 1972 legionis
437 1900 465 1953 in
476 1921 558 1958 manu
571 1903 647 1957 ducis
661 1919 710 1972 po·
753 1915 837 1971 aeque
868 1919 900 1953 ac
930 1901 1085 1970 principum
1114 1911 1140 1953 et
1166 1900 1287 1953 hastato-

88 1982 93 1991 ·
175 1968 329 2041 sito,quod
343 1970 376 2023 ad
388 1970 522 2041 proelium
536 1970 711 2025 indicendum
752 1987 813 2021 rum
835 1968 962 2021 vocabula
984 1978 1075 2039 postea
1093 1970 1287 2033 aboleverunt3

175 2038 294 2111 proponi
313 2037 427 2102 solebat,
453 2049 484 2094 ut
501 2040 651 2095 vexillarios
671 2038 711 2089 in·
751 2036 845 2090 vexilla
862 2045 952 2088 tamen
971 2055 1018 2088 sua
1036 2037 1187 2107 legionibus
1207 2056 1290 2090 man-

176 2107 279 2180 telligas
302 2107 400 2160 milites
423 2107 456 2160 ad
482 2107 604 2161 vexillum
630 2105 710 2178 perti·
752 2124 824 2168 sere,
856 2104 906 2157 sub
930 2105 1028 2175 quibus
1051 2118 1157 2177 praeter
1177 2106 1290 2174 triginta

114 2187 116 2194 ’
176 2175 286 2234 nerites,
316 2174 442 2231 vexillum
467 2177 541 2297 puasi
570 2185 710 2248 gestantes.
751 2171 905 2243 manipnlos
919 2192 1066 2243 eorumque
1081 2175 1156 2246 signa
1174 2175 1291 2229 babere·
1381 2209 1383 2227 r

128 2279 131 2286 ι
176 2244 255 2300 llaud
276 2261 342 2297 vero
359 2244 467 2298 nesciti
486 2263 528 2297 ern
545 2244 588 2300 vir
606 2243 728 2306 doctus„
748 2253 797 2296 tur
818 2241 975 2296 subsidiaria
999 2244 1128 2313 quaedam
1150 2243 1291 2325 legionum

176 2315 316 2367 vexillum
334 2311 387 2365 dici
408 2312 440 2364 de
478 2325 619 2384 uacunque
635 2311 710 2363 mili·
752 2327 864 2375 manus;
880 2310 907 2365 hi
921 2322 985 2365 sunt
997 2309 1128 2366 vexillarii
1140 2312 1289 2382 legionum,

175 2391 235 2435 tum
253 2330 657 2454 manusubrexilloeuntium‚
679 2385 711 2433 ut
752 2380 850 2436 vexilla
871 2378 1025 2450 legionum,
1053 2380 1290 2452 quibusadscribi

176 2450 232 2504 An.
245 2447 328 2508 278.
354 2446 422 2501 llist.
436 2449 461 2508 2,
474 2448 516 2503 89.
538 2449 591 2504 An.
606 2449 710 2513 15‚26.‚
752 2446 875 2504 solebant
895 2450 1012 2503 veterani
1034 2449 1206 2504 exauctorati.
1247 2450 1290 2504 lta

177 2518 224 2592 qui
243 2527 333 2571 tamen
371 2528 492 2588 ropterea
513 2537 570 2571 non
587 2518 711 2573 dicantur
752 2529 779 2574 et
797 2517 864 2572 olim
882 2518 953 2589 apud
968 2516 1063 2571 vexilla
1082 2517 1169 2570 luerat
1183 2526 1290 2583 vetera·

176 2585 314 2644 vexillarii.
363 2597 373 2640 t
406 2587 623 2660 rimnmqnidem
637 2606 711 2659 egre-
751 2607 802 2642 nus
813 2585 891 2639 miles
904 2596 1037 2657 spectatae
1051 2584 1172 2649 virtutis,
1189 2596 1291 2640 testan-

21 2683 25 2690 ¹
108 2701 112 2710 .
176 2659 218 2733 gie
235 2657 268 2711 de
283 2655 333 2711 ltan
345 2676 375 2710 re
437 2655 536 2711 alebius
555 2675 586 2710 eo
603 2657 712 2718 meruit,
750 2667 778 2708 te
798 2654 876 2709 Livio
898 2653 916 2707 l.
934 2655 953 2707 l.
987 2654 1034 2707 An
1049 2655 1163 2726 Augusti
1185 2665 1210 2707 et
1230 2675 1290 2727 seq.

677 1713 711 1747 ue
752 1699 895 1754 acc'cnsos,
928 1694 1057 1746 minimae
1084 1693 1199 1748 fiduciae
1229 1711 1286 1759 ma·
1339 1733 1342 1738 a

177 2725 252 2850 pund
280 2724 428 2780 vexillarios
455 2725 568 2796 proprio
598 2725 711 2778 nomine
751 2736 872 2795 tempore
884 2731 990 2792 praeter
1003 2732 1146 2778 veteranos
1159 2735 1291 2777 exaucto-
1380 2777 1381 2780 ,

197 2796 279 2854 ictos,
297 2793 343 2867 qui
358 2804 462 2848 certum
475 2794 503 2846 in
520 2793 624 2865 legione
638 2792 710 2864 prdi·
751 2804 825 2847 ratos
853 2790 898 2843 alii
917 2790 997 2845 etiam
1022 2790 1121 2846 milites
1141 2793 1173 2845 ad
1192 2791 1291 2850 vexilla

178 2883 241 2920 nem
269 2873 372 2916 certum
394 2881 429 2914 ne
457 2861 567 2916 militiae
582 2862 712 2933 ¹gradum
753 2860 946 2934 pertinuerint,
964 2860 1178 2915 nemotradidit.

139 2993 142 3004 Ι
177 2881 503 3001 cmstimebantldeoque
515 2931 657 2984 audiebant
668 2949 712 2981 ve·
785 2959 925 3017 Mennim·
960 2958 1080 3016 Ricuess
1100 2980 1163 3014 cum
1176 2960 1291 3017 Heinsio

176 2998 270 3054 xillarii
286 2997 438 3068 legionum,
455 2997 547 3051 vexilla
564 2998 711 3080 legionum,
753 3029 782 3085 in
794 3029 849 3084 hoe
859 3026 973 3083 nomine
986 3029 1083 3083 vitium
1100 3049 1157 3084 em
1173 3031 1292 3101 suspica·

753 3110 813 3162 tur,·
836 3097 961 3152 emendat
979 3097 1144 3162 Memmius,
1164 3097 1208 3154 vel
1225 3098 1293 3152 Me-

751 3170 865 3230 nenius,
881 3164 971 3247 pelM.
981 3167 1100 3221 Ennius.
1125 3167 1293 3249 Suspectum

751 3236 914 3291 hauddubie
928 3246 971 3288 est
983 3238 1130 3358 vulfiatum.
1151 3236 1212 3289 Vrd.
1228 3248 1291 3293 not.

752 3306 854 3384 aran.⁸
869 3304 963 3366 1222.
980 3316 1007 3357 et
1048 3305 1091 3360 tu.
1105 3304 1131 3367 s,
1145 3306 1186 3359 ιε.

176 3408 264 3476 ΗΒ.
287 3409 424 3461 remitum
443 3411 582 3472 tironum‚·
611 3410 652 3472 15,
667 3411 712 3464 26.
787 3408 860 3459 bono
895 3406 989 3470 magis
1029 3406 1162 3471 exempto
1202 3423 1292 3474 quam

176 3478 287 3534 sextus
303 3479 482 3531 delectorum.
518 3478 625 3533 Etenim
643 3478 711 3538 eiusz
753 3491 878 3529 concesso
901 3475 972 3526 iure.
1015 3474 1199 3540 Exemplum,
1230 3493 1293 3529 πα.

177 3136 224 3207 qni
256 3133 335 3188 assint
350 3135 478 3188 dicuntur
495 3134 533 3193 ire
548 3137 598 3200 sub
614 3135 709 3189 vexillo

177 3215 207 3260 ut
247 3203 324 3257 electi
347 3203 381 3257 ad
406 3193 570 3273 peculiarem
591 3202 710 3275 aliquam

177 3270 373 3346 expeditionem
396 3272 440 3326 vel
468 3272 712 3345 omnino'praeter

177 3546 253 3604 modi
266 3565 377 3609 manus,
394 3565 548 3629 quanquam
564 3548 649 3601 utitur
665 3567 711 3604 ve·
754 3538 906 3616 ρᾶδειγμα,
949 3553 989 3596 est
1045 3542 1099 3594 uod
1139 3541 1220 3594 datur
1255 3543 1292 3598 ad
1354 3571 1356 3576 ·

145 3621 151 3629 '
177 3617 255 3675 xillo,
280 3633 336 3669 non
362 3627 400 3670 est
421 3615 631 3670 vexillariorum.
680 3615 711 3669 ld
753 3612 920 3668 hortandum
949 3611 993 3666 vel
1018 3631 1032 3663 a
1078 3609 1291 3680 dehortandum,

178 3706 233 3761 quo
254 3703 287 3738 ue
312 3695 385 3738 recte
411 3685 515 3739 censuit
539 3684 580 3737 vir
607 3693 713 3747 doctus,
753 3693 784 3737 ut
812 3680 865 3735 bic.
916 3681 1033 3734 Bonum
1066 3678 1167 3732 dicitur
1204 3680 1232 3734 b.
1250 3702 1290 3736 .e.

177 3704 326 3811 vexillarios
349 3773 405 3807 esse
426 3764 566 3808 veteranos
589 3763 712 3808 exaucto·
754 3751 819 3805 utile
846 3749 876 3801 in
900 3769 975 3817 rem3
1018 3766 1081 3800 nam
1101 3768 1135 3802 ue
1160 3761 1290 3830 epeuturn

178 3836 261 3880 ratos.
301 3820 411 3875 Verum‘
426 3821 499 3893 quod
518 3822 669 3894 suspicatur
682 3821 711 3874 id
754 3809 846 3874 babuit
879 3837 957 3882 eum,
991 3826 1023 3870 nt
1054 3767 1150 3871 seditio
1177 3819 1290 3889 paulum

179 3913 281 3948 nomen
300 3891 402 3945 dictum
423 3887 551 3946 averillo
571 3891 714 3961 imperato·
755 3888 960 3958 reprimeretur.
1016 3884 1062 3940 Sic
1101 3888 1155 3940 An.
1188 3889 1214 3950 2,
1248 3890 1289 3940 ts.

179 3964 216 4016 ris
238 3962 270 4016 ad
294 3959 469 4014 indicendum
491 3957 626 4030 proellum
651 3977 713 4029 pro·
755 3957 823 4009 boni
833 3960 872 4007 od
881 3957 1022 4022 proelium
1034 3957 1178 4023 compi·
1196 3956 1290 4025 ρυαηι

178 4031 244 4102 poni
279 4028 374 4092 solito,
414 4029 456 4080 vix
492 4027 596 4081 admitti
632 4037 714 4098 pote.-
755 4041 880 4078 omresso
903 4027 977 4087 ium
1004 4044 1068 4079 nam
1089 4025 1138 4078 soli
1158 4026 1290 4081 exercitus
1328 4029 1335 4038 ‘

177 4100 223 4151 rit.
260 4098 320 4153 Alia
344 4097 433 4169 potius
458 4095 563 4150 videtur
588 4111 644 4150 esse
665 4113 713 4150 vo·
756 4093 819 4148 duci
832 4092 936 4147 eratius
947 4092 1177 4149 animadvertendi
1191 4092 1221 4146 in
1234 4093 1289 4147 mi·

180 4164 269 4219 sabuli
293 4168 393 4242 ratio..
429 4165 512 4220 Vetus
535 4163 593 4219 luit
614 4164 713 4218 Roma·
755 4162 823 4217 lites.
860 4162 896 4216 ci.
914 4161 969 4217 Dio
983 4164 1086 4222 53513:
