2792 4642
154 243 194 295 ιι
332 162 335 167 ’
419 188 425 195 ’
534 217 936 296 ιιιιιιιιιιιο.Ι

154 380 272 462 Tito,·
290 375 512 458 Domitiano,
544 372 677 460 Nerva,
709 374 878 451 Traiano.
944 374 1085 464 Quibus
1104 376 1264 447 consuli-

153 486 220 551 bus
239 480 285 551 sit
301 491 425 562 natus,
448 491 543 549 certo
567 500 641 549 non
662 492 812 547 constat:
845 478 1048 547 verisimilis
1070 492 1188 548 tamen
1207 482 1263 547 vi-

154 588 256 653 detur
278 604 350 653 esse
370 603 409 646 ea
429 579 662 669 computatio,
688 605 757 672 qua
779 582 912 650 natales
935 579 1052 649 Taciti
1071 582 1262 659 conserun-

153 701 211 757 tur
223 685 261 751 iu
279 706 335 752 an.
350 681 428 752 urb.
443 676 529 750 805.
546 680 601 748 vel
618 680 704 750 806.
717 681 772 749 vel
787 681 873 755 807.
891 678 943 775 (p.
956 677 1041 754 Chr.
1055 676 1262 777 52-54.).

151 787 242 856 Nam
258 782 398 853 Plinius
410 805 487 873 epp.
503 777 586 866 Vll,
598 783 659 853 20.
673 805 710 849 se
724 796 757 850 et
771 780 936 852 Tacitum
956 797 1066 854 aetate
1085 798 1120 853 et
1143 785 1263 872 digni-

151 903 221 958 tate
237 885 491 977 propemodum
506 883 667 975 aequales
683 884 786 967 dicit,
812 884 860 955 ita
875 898 992 954 tamen
1014 900 1054 957 ut
1075 910 1157 953 mox
1175 909 1262 974 pro-

152 993 290 1059 fiteatur
305 1010 341 1054 se
344 984 657 1054 adolescentulum
673 984 798 1069 fuisse,
821 1010 901 1055 eum
919 986 990 1054 iam
1004 984 1148 1057 Tacitus
1166 984 1262 1055 fa'ma

151 1090 331 1181 gloriaque
360 1082 532 1156 floruerit.
609 1083 726 1172 Quam
758 1039 888 1156 fainam
915 1088 1134 1206 gloriamque
1162 1082 1260 1157 bau'd

41 1242 45 1255 .
153 1194 269 1283 inepte
289 1189 417 1258 referes
438 1188 483 1255 ad
505 1185 761 1279 eloquentiam,
792 1212 862 1287 qua
882 1186 1061 1259 Tacitus
1050 1190 1189 1259 iuvenis
1219 1190 1259 1257 iu
1321 1198 1324 1205 '

150 1297 228 1363 foro
247 1305 281 1361 et
293 1290 433 1358 iudiciis
447 1287 608 1357 excelluit
629 1301 709 1356 ante
730 1289 837 1358 initos
855 1280 1028 1375 bonores,
1052 1290 1174 1359 aetatis
1191 1314 1259 1359 an-

38 1442 43 1453 .
151 1394 383 1464 nisvicesimo
400 1391 472 1457 fere
487 1402 521 1457 et
533 1389 810 1483 msequentrbus
861 1367 914 1460 Ειι
931 1391 1027 1461 euim
1043 1405 1153 1462 aetate
1172 1406 1259 1461 tnnc
1303 1398 1307 1407 '

151 1500 295 1566 iuvenes
328 1493 502 1580 ingressos
529 1514 610 1560 esse
633 1515 688 1560 res
721 1494 891 1580 gerendas
923 1495 1026 1567 docet
1057 1493 1258 1584 exemplum

149 1598 279 1682 Plinii,
304 1594 382 1688 ‚qui
406 1615 500 1661 auno
528 1593 791 1664 undevicesimo
817 1595 933 1663 dicere
964 1595 1004 1663 iu
1030 1596 1109 1664 foro
1131 1596 1258 1686 coepit.
1312 1616 1315 1625 ’
1393 1678 1394 1689 ¹

149 1701 193 1771 cl.
214 1696 306 1788 Epp.
326 1692 370 1780 V,
391 1693 425 1766 8.
483 1688 783 1764 Adulescentulus
803 1710 920 1765 antem
938 1695 1078 1769 Plinius
1099 1697 1258 1785 cogiten-

149 1803 216 1869 dus
251 1788 335 1881 erit,
379 1795 442 1888 qui
475 1796 590 1887 posita
622 1793 799 1888 praetexta
826 1798 955 1888 puerili
985 1812 1186 1868 versaretur
1218 1799 1258 1866 in

149 1898 278 1971 scholis
307 1894 501 1971 rhetorum.
565 1897 714 1967 Formae
736 1900 967 1969 diminutivae
988 1923 1130 1994 quoque
1155 1922 1259 1968 suam

44 2086 47 2103 Ι
148 1996 220 2072 iim
236 2001 461 2071 tribuendam
472 2014 577 2089 puto,
600 2014 641 2070 ut
653 2001 784 2089 cogites
791 1997 979 2070 bominem
992 2003 1051 2069 vix
1067 2001 1257 2092 pueritiam

149 2128 342 2194 egressum,
377 2096 475 2169 haud
501 2102 670 2170 maiorem
689 2126 796 2196 quam
817 2100 1115 2195 quattuordecim,
1147 2103 1258 2197 quin·
1294 2160 1297 2163 .

148 2208 261 2277 decim
284 2205 340 2273 vel
361 2180 511 2271 sedecim
535 2226 722 2276 annornm.
787 2202 882 2273 Hinc
910 2204 1086 2323 intelliges
1112 2228 1172 2273 sex
1199 2206 1257 2274 vel

147 2324 225 2378 octo
242 2309 286 2377 ael
302 2322 481 2401 summum
496 2327 608 2407 annos
623 2306 716 2374 iuter
733 2306 917 2400 utriusque
935 2306 1006 2375 viri
1027 2320 1176 2376 aetatem
1198 2308 1257 2375 in-

148 2410 353 2480 tercessisse.
405 2405 458 2476 Ne
471 2394 641 2475 maiorem
655 2409 978 2477 credasuumerum
988 2409 1098 2499 ,ipsa
1111 2432 1169 2476 res
1180 2409 1256 2478 dis

148 2515 280 2583 suadet.
330 2508 423 2578 Nam
442 2510 699 2599 propemodum
717 2511 873 2602 aequalis
894 2463 999 2580 alteri
1014 2511 1156 2578 videtur
1178 2535 1256 2579 non

147 2639 236 2697 esse,
254 2637 325 2709 (ιιιι
313 2609 536 2683 “decennio
524 2623 660 2698 rntegro
680 2610 756 2679 eius
777 2626 924 2681 aetatem
940 2611 1126 2682 antecedit.
1177 2610 1254 2680 Iam

59 2708 61 2717 ⁴
145 2716 303 2809 Plinius,
327 2727 369 2782 ut
388 2712 462 2802 ipse
485 2708 734 2829 testaturEpp.
748 2711 809 2795 Vl,
822 2713 902 2796 au,
927 2712 1254 2783 duodevicesimum

146 2830 281 2892 annum
296 2816 433 2913 agebat
439 2837 480 2881 eo
494 2813 569 2899 die,
593 2838 664 2906 quo
681 2815 757 2883 eius
772 2766 967 2882 avunculus
979 2812 1119 2883 Plinius
1138 2817 1255 2884 maior

145 2920 185 2989 in
196 2914 370 2986 montisV
370 2915 482 2984 esuvi1
472 2914 661 2984 'incendio
675 2915 794 3006 periit:
820 2915 927 3033 idque
941 2915 1067 2985 accidit
1079 2928 1253 2985 autumno

144 3046 203 3119 ap.
224 3019 305 3090 urb.
322 3017 408 3089 882.
429 3040 464 3106 p.
480 3010 565 3089 chr.
581 3015 641 3090 79.
691 3015 858 3087 Natusv
822 3017 931 3107 1gitur
947 3017 1008 3086 ille
1030 3041 1088 3105 an.
1107 3043 1144 3092 ιι.
1163 3016 1252 3090 814.
1312 3070 1321 3091 .

145 3118 279 3216 p.Chr.
295 3118 356 3192 61.
405 3115 501 3185 Hinc
516 3140 688 3190 numeres.
776 3158 780 3167 ν
893 3137 899 3143 ·

201 3217 350 3291 Alius
368 3219 483 3303 lorus,
508 3242 613 3311 quem
628 3220 674 3288 ad
695 3214 788 3288 hanc
807 3220 1104 3312 computationem
1124 3244 1251 3291 vocare

94 3364 103 3372 =
144 3327 243 3421 licet,
269 3317 470 3391 exstatTac.
474 3317 575 3392 Hist.
588 3317 616 3404 I,
632 3321 664 3396 1.
677 3320 959 3410 ubidignitatem
974 3346 1074 3393 suam
1088 3320 1251 3414 aVespa-

143 3429 245 3497 siano
266 3419 465 3493 inchoatam
484 3416 606 3494 refert·
659 3422 777 3510 Quem
796 3424 951 3513 primum
971 3423 1153 3514 dignitatis
1170 3446 1251 3513 gra-

44 3553 48 3560 ·
144 3532 230 3598 dum
246 3529 277 3596 si
293 3524 521 3611 intelligimus
535 3536 776 3615 quaesturam,
800 3526 854 3594 uti
870 3529 1036 3596 convenit
1052 3527 1158 3594 rebus
1171 3521 1256 3617 R&

143 3631 275 3714 manis,
301 3640 530 3719 putamusque
549 3649 630 3693 eum
649 3620 822 3694 honorem
838 3624 961 3698 Tacito
982 3627 1165 3715 contigisse
1187 3624 1250 3692 illa

143 3746 271 3813 aetate,
301 3752 371 3823 qua
393 3740 477 3796 tune
498 3727 648 3811 solebat,
680 3741 762 3796 ante
788 3727 926 3796 obitum
943 3726 1153 3851 Vespasiani
1172 3722 1247 3819 (ani

142 3837 222 3907 urb.
235 3833 322 3905 832.
337 3854 371 3921 p.
387 3823 472 3900 Chr.
487 3824 572 3923 79.)
582 3827 731 3898 Tacitus
747 3828 953 3944 explevit
918 3830 1126 3899 vrcesimum
1140 3828 1248 3921 quin-

142 3952 234 4018 tum,
257 3947 393 4002 sextum
415 3931 472 3997 vel
493 3930 680 4035 septimum
701 3929 823 3999 aetatis
843 3954 987 4004 aunumt
1037 3930 1129 4015 Nam
1152 3928 1246 4022 apud

4 3982 6 3989 >
86 4030 91 4038 ’
142 4030 294 4105 Dionem
307 4033 370 4117 52,
384 4031 446 4103 20.
473 4024 667 4101 Maecenas
676 4018 836 4121 Augusto
851 4030 956 4102 dicit:
986 4039 1245 4129 Καιαιέγισθαι

142 4146 181 4212 ιιι
196 4142 259 4238 χρὴ
281 4141 436 4222 tgulas
414 4139 476 4229 τήν
495 4132 631 4209 conside
652 4132 958 4224 ιικιωκαιιιεκέιεις·
989 4144 1025 4223 ἐς
1041 4138 1280 4214 δετὸσυιέ-
