2792 4642
198 200 326 299 ltili:
469 206 625 328 utut·
654 163 1010 330 esttzsuffmg'gg
1187 208 1255 280 101

147 390 217 462 que
247 365 370 451 venia,
410 363 513 433 facile
546 362 747 453 Segimero,
783 362 1005 434 cunctantius
1039 360 1134 448 lilio,
1159 363 1258 457 quia
1273 437 1298 454 ..
1355 429 1361 440 ,

146 467 317 558 Quintilii
336 464 425 535 Vari
447 489 576 558 corpus
595 466 759 535 inlusisse
780 463 974 539 dicebatur.
1022 461 1189 535 Ceterum
1211 467 1258 535 ad
1272 487 1309 560 λ’
1325 463 1339 484 ‘¹
1360 469 1386 478 ”

145 571 343 663 supplenda
361 567 532 637 exercitus
547 569 676 636 damna
694 580 868 636 certavere
882 564 1032 652 Galliae,
1051 564 1257 660 Hispaniae,
1274 565 1332 682 3¹
1341 583 1369 636 ‘t

146 672 265 768 ltalia,
297 669 394 765 quod
414 671 541 763 cuique
560 671 784 762 promptum,
814 694 932 762 arma,
963 692 1091 763 equos,
1105 681 1107 684 ’
1120 647 1299 756 aurum,'i
1336 639 1392 686 *a*

1353 765 1392 786 Ἢν

1340 795 1345 814 θ

145 777 343 846 offerentes.
395 796 549 866 quorum
568 772 712 852 laudato
735 771 853 841 studio
875 768 1125 857 Germanicus,
1150 761 1331 884 armis‘·‘f2‘'
1378 845 1392 870 ι

145 879 254 947 modo
270 888 304 946 et
316 875 416 970 equis
431 876 483 964 ad⁸
492 874 628 945 bellum
641 873 807 966 sumptis,
827 873 973 965 propria
993 875 1144 966 pecunia
1162 876 1241 943 mili
1268 845 1329 980 3:3-
1342 921 1366 959 3.
1377 911 1393 950 .-,

146 978 329 1051 temiuvit.
380 991 489 1069 utque
503 975 612 1048 cladis
626 976 837 1045 memoriam
855 976 961 1045 etiam
981 976 1146 1046 comitate
1168 977 1201 1046 le
1229 978 1238 993 ‘
1271 975 1274 986 ’

145 1095 220 1167 ret,
243 1080 427 1154 circumire
446 1078 600 1162 saucios,
623 1080 715 1147 facta
735 1078 958 1167 singulorum
972 1078 1157 1164 extollere,
1179 1080 1260 1149 vul·

146 1207 234 1252 nera
247 1183 390 1253 intuens
409 1181 520 1251 alium
540 1204 619 1272 spe,
643 1181 756 1250 alium
772 1180 904 1270 gloria,
930 1193 1076 1252 cunctos
1092 1180 1259 1275 adloquio

147 1300 184 1356 et
197 1309 281 1355 cura
294 1284 432 1377 sibique
446 1295 481 1352 et
493 1283 630 1374 proelio
647 1283 820 1355 firmabat

247 1415 399 1488 LXXII.
447 1414 595 1486 Decreta
621 1441 662 1485 eo
686 1441 783 1484 anno
802 1412 1033 1509 triumphalia
1048 1413 1259 1508 insiguiaA.

144 1505 337 1605 Cauchius,
361 1518 404 1591 L.
419 1512 600 1610 Apronio,
623 1515 664 1591 C.
677 1518 768 1589 Silio
789 1519 837 1587 ob
859 1542 915 1587 res
938 1544 1020 1592 cum
1044 1518 1260 1624 Germanico

147 1636 270 1714 gestas.
340 1619 480 1690 Nomen
498 1620 608 1712 patris
626 1621 761 1712 patriae
781 1617 949 1706 Tiberius
982 1645 1004 1691 a
1027 1615 1162 1716 populo
1185 1647 1263 1692 sae-

145 1724 429 1817 pius‘ingestum
461 1721 681 1815 repudiavit,
726 1745 842 1814 neque
866 1723 907 1791 in
935 1737 1011 1814 acta
1044 1748 1108 1794 sua
1138 1726 1263 1810 iurari,

148 1849 353 1921 quanquam
367 1837 531 1895 censente
545 1838 687 1911 senatu,
710 1824 889 1914 permisit,
914 1837 1039 1893 cuncta
1055 1827 1262 1897 mortalium

147 1929 300 2012 incerta,
334 1940 539 2020 quantoque
558 1926 641 2017 plus
662 1926 811 2017 adeptus
830 1926 939 2011 foret,
954 1929 957 1936 “
975 1938 1073 1996 tanto
1095 1951 1132 1997 se
1150 1929 1263 2019 magis

71 2053 74 2059 ·
148 2029 344 2099 inlubrico
358 2028 533 2101 dictitans.
583 2023 796 2097 nontamen
814 2026 895 2096 ideo
911 2025 1063 2097 faciebat
1081 2028 1189 2097 {idem
1211 2030 1262 2099 ci-

107 2183 112 2192 .
147 2133 231 2202 vilis
253 2123 376 2206 animi.
425 2154 510 2199 nam
528 2130 642 2220 legem
661 2129 854 2206 maiestatis
878 2129 1084 2216 reduxerat,
1113 2132 1172 2200 cui
1195 2155 1264 2201 no-

147 2259 232 2303 men
253 2233 351 2329 apucl
366 2246 500 2302 veteres
516 2232 629 2318 idem,
654 2232 716 2300 sed
732 2231 801 2301 alia
816 2232 856 2300 in
871 2230 1044 2301 iudicium
1057 2231 1262 2303 veniebant:

149 2337 181 2405 si
208 2337 289 2429 quis
314 2334 519 2427 proditione
548 2334 739 2404 exercitum
766 2348 828 2403 ant
855 2334 997 2426 plebem
1020 2335 1266 2420 seditionibus,

148 2437 303 2529 denique
317 2436 411 2506 urale
423 2449 518 2524 gesta
528 2458 568 2503 re
580 2435 724 2527 publica
738 2435 955 2507 maiestatem
969 2437 1095 2528 populi
1107 2435 1266 2508 Romani

148 2539 346 2617 minuisset.
413 2539 505 2607 facta
541 2538 799 2628 arguebantur,
836 2538 931 2607 dicta
969 2537 1115 2630 impune
1153 2554 1265 2612 erant.
1351 2613 1353 2622 ,
1390 2556 1392 2567 ¹

148 2640 294 2711 Primus
319 2634 502 2729 Augustus
528 2639 768 2729 cognitionem
791 2637 1004 2709 de'famosis
1025 2639 1159 2708 libellis
1187 2663 1266 2732 spe-

184 2889 368 2944 euizctamius.
405 2888 452 2942 Sic
468 2889 531 2942 cod.
545 2887 608 2942 MS.
624 2888 687 2941 edd.
728 2886 772 2959 ἐφ’
787 2888 876 2958 ἑαυτῷ
889 2887 1012 2959 περιεῖδε
1020 2883 1191 2959 γενόμενον·
1204 2893 1264 2942 καί·

150 2959 265 3013 Picben.
297 2977 355 3029 sqq.
408 2958 542 3012 Beroaldo
577 2968 688 3011 auctore
728 2958 830 3011 rosini
845 2953 906 3019 ταῖς
918 2958 968 3010 τοῦ
980 2953 1149 3029 Αὐγούστου
1164 2954 1265 3025 nocife-

151 3038 214 3083 ante
231 3025 378 3080 Picbenam
396 3025 556 3097 vulgabatur
570 3036 688 3079 cuncta-
729 3043 758 3081 oa
777 3024 842 3087 τοῖς
860 3045 890 3080 τε
911 3023 1011 3089 ἄλλους
1034 3024 1142 3088 πάντας
1164 3024 1265 3098 ὥρκου,

152 3098 215 3149 tius.
729 3099 775 3149 καὶ
801 3095 885 3158 αὐτὸς
909 3094 1012 3168 ὤμνυε.
1063 3090 1118 3149 Res
1143 3097 1267 3168 coepita

188 3163 328 3286 gummi.
347 3163 462 3235 ‘Repete
473 3172 530 3216 not.
543 3164 576 3217 ad
589 3182 614 3216 c.
626 3161 653 3215 3.
728 3166 876 3219 triumviris
893 3166 923 3219 in
940 3165 1074 3221 honorem
1095 3164 1155 3218 lulii
1169 3164 1268 3219 Caesa·
1308 3209 1312 3216 .

213 3233 311 3286 ΛΜΞ.
345 3250 449 3286 nomeu
458 3234 554 3300 patris
565 3232 689 3299 patriae·
732 3234 769 3287 ris
788 3234 936 3288 interfecti.
971 3233 1028 3288 Dio
1044 3235 1143 3298 4218.
1178 3233 1267 3305 Repe·

152 3303 267 3357 Sueten.
278 3301 342 3355 Tib.
365 3321 390 3355 c.
402 3302 437 3355 26
451 3311 476 3353 et
489 3302 531 3353 67.
573 3301 629 3354 Dio
647 3299 689 3358 57,
732 3303 780 3356 tita
800 3314 839 3356 est
858 3304 1141 3358 deindeinbonorem
1155 3302 1268 3372 Augusti

152 3373 191 3494 8.8
212 3371 256 3423 De
268 3370 348 3428 buius
359 3369 482 3424 nominis
495 3370 522 3421 ri
535 3368 569 3422 cl.
580 3368 637 3464 Pio
649 3367 691 3432 53,
732 3382 794 3443 post
811 3372 953 3493 rigatoqigm
971 3371 1119 3427 Actiacam.
1153 3370 1209 3424 Dio
1227 3371 1269 3434 61,

155 3443 197 3493 1.
732 3443 776 3493 20.
792 3450 819 3493 et
865 3480 873 3503 ,
923 3481 930 3495 .
1039 3451 1042 3456 ⁴

188 3526 278 3577 neque
292 3503 463 3561 maetasua
477 3502 578 3558 iurari.
615 3502 690 3557 Suet.
766 3510 905 3562 diotimus.
935 3507 1072 3582 (jomMS.
1087 3518 1114 3560 et
1124 3516 1192 3562 vett.
1206 3508 1268 3566 cdd.

154 3576 217 3630 Tib.
237 3596 262 3630 c.
281 3577 325 3632 26.
364 3576 421 3629 Dio
440 3576 481 3638 57,
498 3575 524 3638 8,
551 3573 598 3644 qui
619 3571 689 3625 scri·
732 3577 851 3631 dictans.
887 3579 940 3632 Sed
951 3577 1061 3646 Tacitus
1071 3577 1173 3648 ubique
1189 3577 1269 3630 dicti-

153 3646 208 3699 bit:
231 3643 290 3702 οὐδ’
305 3640 374 3720 ὅπερ
388 3638 690 3713 interrumpamus
732 3656 797 3699 tare
822 3648 916 3700 scribit
938 3667 972 3701 eo
993 3646 1153 3717 significatu.
1199 3644 1272 3698 lliuc

155 3716 239 3786 δεῦρο
260 3714 304 3769 ἀεὶ
324 3715 355 3768 ἒν
373 3709 520 3800 τῇ’πρώτῃ
541 3716 591 3767 τοῦ
613 3712 691 3769 ἔτους
733 3726 838 3768 veteres
857 3715 909 3769 iam
930 3717 1091 3785 interpretes
1110 3714 1138 3767 id
1159 3715 1271 3767 verbum
1342 3757 1344 3762 ,

154 3781 244 3857 ἡμέρᾳ
255 3786 303 3837 καὶ
312 3785 363 3854 Ιἐπὶ
377 3789 435 3844 τοῖς
452 3784 544 3843 attur
562 3783 620 3840 τοῖς
630 3779 705 3852 μετ’.
733 3784 778 3838 hic
793 3802 903 3860 quoque
921 3784 1109 3855 recipiendum
1126 3802 1183 3836 esse
1204 3801 1270 3836 ρεη-

154 3855 264 3910 ἐκεῖνον
280 3850 397 3922 ἄρξασιν
413 3886 449 3897 -
465 3853 514 3906 ἐπί
534 3869 563 3905 τε
583 3855 641 3910 τοῖς
659 3848 690 3903 τὸ
734 3862 853 3912 suerunt.
874 3852 1007 3907 Wolfius
1020 3850 1131 3921 recepit.
1153 3849 1271 3903 Πίσωνι
1344 3893 1348 3900 ,

94 3963 97 3972 ·
155 3921 256 3994 κράτος
289 3920 333 3975 ἀεὶ
364 3922 477 3994 ἔχουσιν
508 3921 538 3982 ἐξ
570 3915 693 3989 ἀνάγκης
735 3933 775 3974 est
793 3922 877 3976 verba
893 3921 1012 3994 praeire,
1030 3937 1099 3991 quae
1115 3917 1183 3971 alius
1198 3918 1271 3972 cata:

154 3998 300 4065 γίγνεται,
333 3988 368 4045 τά
394 4009 424 4046 τε
449 3990 612 4061 πραχθέντα
639 3984 689 4040 ὑπ’
735 4009 781 4042 mo
802 3990 925 4061 excipiat.
966 3989 1077 4042 Sueton.
1095 3985 1158 4039 ‹Tib
1183 4006 1208 4040 c.
1226 3988 1271 4041 22.
1339 4001 1341 4008 ’

156 4061 252 4117 αὐτῶν
269 4062 316 4115 καὶ
333 4059 367 4113 τὰ
390 4056 612 4149 πραζθησόμενα
636 4053 692 4110 ὑπὸ
735 4059 790 4110 Tit.
809 4078 833 4111 c.
847 4060 873 4111 6.
896 4060 981 4111 Dom.
998 4076 1022 4109 c„
1036 4056 1079 4109 13.
1114 4055 1164 4108 Uti
1177 4054 1222 4110 bic
1236 4057 1274 4110 ita

155 4136 215 4188 τῶν
243 4129 291 4185 cisi
318 4125 428 4193 ζώντων
454 4147 546 4200 ορκοις
570 4129 625 4180 τισὶ
647 4133 693 4193 βε·
736 4125 1015 4189 ἰηὶτ.2,65.εῐὸυεῑ.
1030 4124 1105 4177 Caes.
1123 4124 1197 4180 eso.
1212 4123 1274 4190 libri

157 4203 326 4281 βαιοῦσθρι·
344 4197 410 4254 οὐδὲ
419 4202 502 4254 τοῦτο
510 4197 544 4251 τὰ
552 4214 585 4267 γε
598 4202 695 4268 πρῶτα
737 4196 841 4249 variant
854 4193 925 4246 iuter
937 4200 1083 4263 utrumque
1097 4194 1223 4260 verbum.
