2792 4642
170 197 244 272 112
566 170 872 250 ANNALIUM
1087 162 1227 261 ᾔζὲζῖῗξζ

166 352 332 444 Poppaeo
345 328 479 413 sabino
492 333 677 430 provincia
686 325 841 414 Moesia,
863 327 993 399 additis
999 321 1135 398 Achaia
1147 325 1290 397 acMa·

49 474 72 544 Ἴ
167 451 324 529 cedonia.

26 524 154 656 „tutti
266 543 415 624 nm.
440 531 1044 636 ldqooquemorumTiheriifuit‚
1069 533 1288 602 continuare

28 639 373 780 taihssspimperiaac
392 649 578 740 plerosque
596 643 642 711 ad
654 640 763 708 finem
773 637 866 707 vitae
878 638 919 704 in
931 635 1058 704 iisdem
1070 635 1288 705 exercitibus

158 775 229 856 taut
252 749 555 829 iurisdictionibus
577 740 719 814 habere.
775 737 910 809 Causae
933 737 1051 807 variae
1072 739 1286 808 traduntur:
1382 724 1385 729 ¹

169 864 232 936 alii
248 856 366 932 taedio
385 873 505 922 novae·
519 849 622 919 cura'e
639 842 747 914 semel
764 841 895 936 placita
912 864 978 932 pro
996 842 1148 911 aeternis
1161 863 1288 908 serva-

168 968 276 1037 visse:
308 958 453 1054 quidam
478 949 630 1034 invidia,
659 969 707 1033 ne
729 944 850 1037 plures
868 945 1080 1017 fruerentur.
1112 954 1196 1012 sunt
1216 940 1287 1033 qui

170 1066 387 1145 existiment,
410 1071 451 1127 ut
467 1053 635 1124 callidum
651 1048 727 1117 eius
746 1045 929 1138 ingenium
948 1045 998 1114 ita
1015 1045 1161 1115 anxium
1183 1042 1287 1113 iudi*-

172 1172 276 1256 cium.
306 1175 421 1255 neque
434 1157 530 1226 enim
545 1141 733 1222 eminen'tis
745 1149 894 1217 virtutes
906 1148 1120 1234 sectabatur,
1149 1159 1184 1216 ct
1197 1168 1287 1214 rur-
1384 1189 1385 1204 ,

47 1262 72 1308 0
153 1258 176 1286 ”
189 1297 251 1343 nm
266 1267 333 1339 viti
372 1262 583 1432 ogggffi'ex
602 1249 957 1345 opt-imispericulum
971 1249 1058 1334 sibi,
1087 1246 1286 1341 apessimis
1384 1261 1385 1318 t

95 1290 393 1519 ''ffedecusiio
433 1361 527 1429 icum
542 1355 731 1426 metuebat.
762 1376 832 1445 qua
849 1347 1080 1421 haesitatione
1102 1364 1283 1443 postremo
1314 1375 1323 1385 “
1384 1345 1385 1354 ’

172 1503 214 1547 eo
235 1480 421 1567 provectus
441 1474 514 1546 est,
537 1472 579 1529 ut
594 1455 818 1526 mandaverit
837 1454 1050 1547 quibusdam
1070 1451 1285 1547 provincias
1335 1487 1338 1496 ,

172 1599 261 1686 quos
278 1568 394 1662 egredi
408 1565 498 1635 urbe
511 1586 586 1632 non
600 1574 674 1629 erat
684 1531 1058 1727 passurusfffflei

271 1665 440 1748 LXXXI.
470 1662 526 1739 De
546 1662 696 1733 comitiis
716 1660 861 1750 consula
919 1680 980 1743 us,
1002 1682 1091 1752 quae
1108 1670 1187 1727 tum
1204 1657 1284 1748 pri.
1358 1659 1370 1670 “’

171 1801 273 1852 mum
291 1777 354 1845 illo
372 1770 533 1865 principe
550 1791 590 1836 ac
611 1764 777 1854 deinceps
793 1759 908 1847 fuere,
940 1761 1000 1830 vix
1014 1758 1285 1853 quidquamfir-

73 1962 77 1970 Ι
171 1906 271 1953 mare
285 1878 415 1948 ausim:
430 1873 528 1941 adeo
543 1868 772 1938 diversa-non
783 1864 892 1931 modo
908 1864 1001 1953 apud
1012 1863 1193 1947 auctores,
1221 1847 1284 1929 scil

173 1988 213 2057 in
226 1982 337 2077 ipsius
351 1974 571 2049 orationibus
585 1969 823 2063 reperiuntur.
870 1959 984 2034 Modo
999 1964 1185 2034 subtractis
1198 1987 1285 2031 can·
1383 1995 1385 2008 ‹

173 2090 377 2161 didatorum
409 2075 618 2146 nominibus
650 2069 824 2158 originem
852 2064 1022 2161 cuiusque
1049 2081 1085 2136 et
1110 2066 1224 2152 vitam
1249 2079 1286 2135 et
1372 2077 1385 2130 Ψ

14 2229 15 2232 “
109 2207 139 2270 ᾗ
173 2177 350 2283 stipendia
382 2175 586 2267 descripsit,
628 2186 688 2257 ut,
727 2167 798 2262 ,qui
830 2168 965 2254 forent,
1009 2168 1283 2258 intelligeretur:

13 2297 16 2304 ⁴
175 2286 367 2383 aliquando
407 2305 447 2348 ea
492 2297 633 2371 quoque
678 2267 933 2361 significatione
977 2270 1154 2339 subtracta
1199 2294 1284 2338 can.

174 2393 314 2486 didatos
363 2380 523 2454 hortatus
539 2430 573 2470 ,γ
613 2399 659 2444 ne
709 2371 848 2443 ambitu
900 2372 1042 2444 comitia
1092 2361 1284 2455 turbarent,

209 2591 339 2658 Poppaeo
356 2580 475 2638 ⁴Saluiae.
509 2576 553 2630 De
572 2573 630 2628 viro
648 2572 727 2627 ride'
751 2569 869 2625 nestiora
887 2570 970 2624 refert
985 2568 1090 2651 loseph.
1109 2568 1176 2622 Ant
1198 2571 1239 2628 18,
1258 2568 1283 2622 6.

176 2666 202 2725 5,
217 2665 259 2715 10.
278 2658 303 2721 6,
316 2654 358 2712 59.
377 2650 431 2704 Dio
446 2647 489 2712 58,
501 2645 546 2699 25.
751 2641 808 2693 scil.
818 2640 962 2716 sl'iberium
982 2639 1059 2692 saluti
1078 2637 1296 2719 provincialium,

207 2750 242 2782 ao
265 2721 439 2780 Macedonia.
490 2714 560 2772 Edd.
585 2709 709 2765 Beroald.
752 2710 928 2763 consuluisse.
962 2708 1036 2761 Suet.
1055 2707 1116 2759 Tib.
1131 2726 1162 2760 c.-
1180 2708 1224 2760 41.
1244 2707 1285 2759 in·

173 2800 296 2856 Rhenan.
309 2812 365 2866 sgq.
378 2788 490 2843 otMao.
526 2780 656 2838 Wolfius
670 2798 711 2833 re·
753 2776 845 2831 curiae
865 2778 921 2830 eius
940 2796 1032 2830 rerum
1051 2775 1221 2848 publicarum
1239 2775 1284 2829 tri.

116 2905 120 2911 ·
143 2883 147 2895 '
174 2867 261 2927 stituit
273 2882 307 2915 ac
321 2881 334 2913 e
349 2858 410 2914 cod.
422 2855 482 2908 MS.
753 2846 821 2900 buit.
862 2846 915 2899 Sed
933 2845 986 2900 hoc
998 2844 1073 2902 valet
1086 2845 1119 2898 de
1140 2843 1284 2916 posteriori

210 2933 328 2990 Caedi).
343 2929 478 2981 diadem
488 2921 650 2975 exercitibus
660 2925 711 2969 aut
753 2914 854 2969 Tiberii
866 2925 960 2969 aetate.
1060 2967 1062 2974 ,
1140 2930 1142 2932 ·

175 2999 413 3061 turodteiomtus.
432 2991 570 3045 Ernestius
583 2996 658 3060 putat
666 2985 711 3040 hic
783 2984 1014 3050 ρεῃιὶυὶωηείὸί.
1031 2977 1199 3050 apersimrs.
1233 2980 1283 3037 Ea.

98 3107 101 3113 ·
176 3069 295 3129 discerni
323 3061 480 3138 provincias
505 3058 640 3119 Caesaris,
681 3054 711 3106 in
752 3052 1117 3118 Beroaldperr'culumsr'bi:
1135 3053 1283 3118 sr‘br’apes·

177 3141 276 3217 quibus
307 3132 436 3189 exercitus
468 3129 645 3185 haberentur,
684 3131 711 3175 et
751 3124 893 3177 aimrsetc.
928 3121 1066 3175 Victorius
1085 3123 1114 3173 in
1133 3139 1181 3173 suo
1198 3140 1284 3172 exem·

176 3205 332 3288 provincias
345 3211 452 3256 senatus
467 3217 488 3250 s.
497 3195 712 3269 proconsulares,
772 3191 823 3244 lari
835 3191 952 3243 alterum
964 3193 1017 3244 sibi
1026 3189 1180 3254 deleverat;
1203 3200 1230 3242 et
1246 3188 1284 3243 sic

177 3296 293 3356 quarum
303 3268 436 3345 praesides
449 3267 507 3320 sine
518 3264 651 3319 exercitus
662 3260 711 3313 int·
795 3278 873 3315 enan.
889 3279 947 3330 sqq.

197 3346 254 3401 erio
266 3343 323 3398 sola
336 3335 521 3393 iurisdictione
535 3342 622 3387 essent
634 3347 712 3403 prae·
786 3339 817 3382 ut
834 3326 1012 3382 mandaverit
1025 3363 1122 3382 ......
1139 3343 1283 3394 passurus.

176 3370 237 3472 diti.
290 3412 328 3466 At
356 3408 389 3462 de
414 3403 564 3479 provinciis
589 3399 716 3480 Caesaris·
752 3399 780 3453 b.
800 3419 825 3451 e.
846 3418 929 3470 quos,
959 3394 1206 3459 dummandabat,
1230 3395 1282 3449 iam

177 3494 282 3541 tantum
300 3497 389 3534 sermo
409 3484 462 3537 est,
485 3472 558 3543 quod
577 3468 713 3522 indicatur
754 3466 929 3521 destinaverat
952 3466 1020 3519 urbe
1041 3484 1099 3518 non
1125 3482 1284 3535 egressuros.

177 3554 260 3609 verbo
278 3550 388 3603 habere.
427 3540 587 3602 Provincias
605 3547 712 3590 senatus
727 3569 729 3572 ·
753 3537 832 3591 Mera
844 3536 927 3607 igitur
938 3534 1025 3606 imago
1037 3532 1088 3586 fuit
1099 3532 1284 3586 mandationis.

178 3624 257 3681 etiam
281 3628 340 3672 tum
363 3612 545 3670 sortiebantur
568 3604 712 3661 consulatu
755 3605 791 3660 cf.
813 3604 988 3667 Di058,19.
1010 3604 1082 3725 ἔῖγῳ
1098 3603 1153 3673 μὲν
1168 3598 1285 3673 μηδενὸς

130 3734 131 3738 ,
179 3704 207 3748 et
223 3698 350 3763 praetura
370 3679 468 3735 functi.
504 3677 597 3746 Quare
614 3694 713 3730 vocem
755 3673 848 3729 αὐτῶν
862 3669 1009 3746 δεόμενος,
1041 3667 1098 3741 dyo)
1111 3671 1143 3725 dl
1156 3661 1285 3742 δῆτιμᾶν

177 3753 409 3818 Wssdr‘ctr'om'bus
425 3749 515 3802 resero
528 3745 563 3800 ad
580 3742 711 3797 eiusmodi
755 3741 856 3803 αὐτοὺς
882 3736 1127 3815 προςποιούμενος.
1174 3741 1283 3794 Suetonr

177 3826 330 3906 provincias
351 3817 499 3881 ⁴Caesaris,
539 3832 608 3895 quae
636 3821 713 3867 erant
753 3814 816 3868 Tib.
832 3811 909 3866 sot.
926 3810 1056 3865 Taodn.
1070 3811 1095 3872 6,
1108 3810 1152 3863 27.

179 3900 236 3955 sine
255 3892 412 3950 exercitaret
445 3882 648 3942 rocmatonbus
666 3899 712 3935 co·
788 3880 903 3935 clau.
921 3899 955 3933 ac
965 3880 1100 3945 deinceps.
1136 3880 1179 3931 Sc.
1193 3876 1283 3930 eodem

178 3969 348 4024 bibebantur.
373 3958 410 4014 cf.
447 3957 488 4014 ist.
505 3955 583 4017 1,11.
685 4018 691 4030 ·
754 3949 888 4025 principe.
924 3947 994 4001 Vide
1006 3948 1087 4000 etiarn
1100 3947 1185 4001 Dion.
1195 3945 1282 4007 58,20.

214 4050 316 4089 causae
335 4029 432 4083 verme
451 4028 610 4078 traduntur.
656 4018 713 4072 Dio
788 4038 823 4078 eo
854 4035 960 4087 quoque
993 4017 1190 4084 signfimmne
1221 4018 1284 4066 sub.

181 4105 222 4164 58,
234 4105 280 4169 23,
292 4100 385 4161 tradit,
410 4095 439 4150 id
452 4112 508 4147 esse
522 4092 624 4146 factum
638 4086 712 4143 ἀπο·
755 4096 856 4142 tracta.
890 4087 936 4141 Sc.
948 4085 1076 4157 originis,
1093 4085 1174 4143 vitae,
1189 4083 1283 4166 stipen-

181 4156 632 4244 ρίᾳτῶνδιαδεέομένωναῠτοὺς.
659 4157 712 4211 llo·
755 4157 871 4220 diorrmr,
889 4152 1283 4220 utitasubtractisnomimbus
1355 4216 1358 4224 ,

309 4303 321 4337 l
