2792 4642
154 150 230 224 278
511 149 514 160 '
550 138 861 215 ANNALIUM
1076 135 1216 231 23:⁷2·

255 295 387 373 LXIV.
437 296 514 370 suh
544 299 641 368 idem
667 301 807 390 tempos
831 293 942 366 Iuliae
965 288 1145 385 Augustae
1172 295 1276 367 vale-

156 405 245 476 tudo
266 417 367 473 atrox
386 395 686 473 necessitudinem.
698 398 853 492 principi
870 398 954 468 lecit
972 398 1128 468 festinati
1147 399 1188 467 in
1208 424 1278 469 ur-

158 509 241 577 bem
255 505 405 589 reditus,
431 504 566 571 sincera
581 496 698 571 adhuc
710 501 805 570 inter
821 513 975 570 matrem·
983 499 1168 593 filiumque
1185 526 1278 571 con-

159 607 280 679 cordie
293 607 367 675 sive
381 605 529 675 occultis
545 604 649 675 odiis.
690 601 823 695 :Nque
837 602 934 670 enim
946 601 1059 692 multo
1076 616 1168 690 ante,
1191 628 1278 673 cum

158 706 256 779 baud
269 705 393 801 procul
406 702 544 778 theatro
559 704 724 778 Marcelli
738 704 889 794 effigiem
906 703 988 773 divo
1003 696 1165 794 Augusto
1180 701 1278 776 Iulia

160 813 312 895 dicaret,
346 808 487 879 Tiberii
509 831 642 877 nomen
667 830 733 876 suo
759 805 1043 899 postscripserat‚
1079 806 1189 902 idque
1212 808 1278 880 ille

161 913 370 984 credebatur
382 926 423 982 ut
438 905 586 980 inferius
605 908 784 979 maiestate
804 907 976 999 principis
997 909 1096 997 gravi
1117 923 1152 979 et
1170 908 1278 979 dissi-

160 1015 295 1085 mulata
327 1013 523 1084 offensione
553 1011 741 1083 abdidisse.
808 1009 881 1081 Sed
905 1023 983 1080 tum
1007 1010 1182 1102 supplicia
1206 1011 1278 1080 diis

162 1118 311 1211 ludique
325 1115 445 1205 magni
455 1114 501 1183 ab
518 1126 642 1183 senatu
658 1113 918 1196 decernimur,
944 1135 1033 1206 quos
1045 1112 1229 1203 pontifices
1244 1127 1280 1184 ct

164 1241 314 1308 augures
330 1230 363 1287 et
377 1215 651 1308 quindecimviri
672 1213 893 1305 septemviris
911 1213 1021 1283 simul
1039 1227 1074 1283 et
1095 1215 1280 1286 sodalibus
1368 1263 1369 1268 κ

164 1317 419 1410 Augustalibus
441 1317 596 1389 ederent.
652 1312 846 1386 Censuerst
863 1313 906 1390 L.
926 1313 1126 1407 Apronius,
1159 1330 1200 1388 ut
1224 1318 1280 1387 fe-
1368 1351 1369 1354 ¹

164 1423 266 1493 tia'les
289 1443 431 1513 quoque
452 1419 498 1487 iis
519 1419 613 1488 ludis
633 1417 884 1509 praesiderent.
945 1414 1169 1490 Contradixit
1188 1416 1281 1492 Cae·
1367 1437 1369 1478 1

166 1539 224 1593 sar
248 1521 414 1596 distincto
444 1520 721 1590 sacerdotiorum
743 1519 822 1589 iure
849 1532 886 1588 et
909 1519 1067 1611 repetitis
1096 1522 1302 1613 exemplis:
1368 1597 1369 1600 Ἴ

165 1623 391 1717 nequeenim
403 1647 561 1717 unquam
573 1623 751 1692 fetialibus
762 1616 831 1691 hoc
842 1620 1034 1691 maiestatis
1046 1622 1166 1695 fuisse.
1197 1623 1280 1693 ideo

165 1723 378 1817 Augustales
391 1724 562 1811 adiectos,
586 1723 669 1817 quia
682 1724 869 1815 proprium
885 1722 961 1792 eius
975 1724 1104 1793 domus
1118 1726 1283 1822 sacerdo-

169 1827 260 1901 tium
276 1842 382 1912 esset‚
406 1851 472 1918 pro
488 1833 562 1919 qua
572 1826 965 1917 votapersolvorentur.
1182 1843 1186 1848 ·

267 1926 380 2002 LXV.
430 1925 586 2021 Exsequi
615 1926 805 1996 sententias
835 1921 933 1995 baud
957 1924 1096 1997 institui
1123 1927 1197 1997 nisi
1224 1928 1283 2000 in-

169 2031 285 2123 signes
301 2055 366 2123 per
386 2023 575 2116 honesturn
595 2043 656 2102 aut
676 2027 830 2110 notabili
847 2027 1035 2124 dedecore:
1061 2030 1160 2123 quod
1180 2055 1284 2124 prae-
1366 2109 1369 2121 ¹

49 2213 51 2218 .
110 2184 113 2193 ·
168 2134 314 2227 cipuum
326 2155 457 2200 munus
471 2129 656 2200 annalium
673 2153 774 2215 reor,
795 2151 841 2197 ne
863 2128 1012 2200 virtutes
1032 2130 1205 2203 sileantur
1224 2148 1285 2203 ut-

169 2259 239 2330 que
251 2233 370 2327 pravis
383 2231 485 2301 dictis
497 2231 667 2325 factisque
681 2255 723 2301 ex
738 2230 942 2323 posteritate
950 2244 993 2320 ¹et
1007 2233 1153 2304 infamia
1168 2249 1284 2307 metus

170 2479 252 2538 vertit
266 2479 509 2562 Umgehung331ii
527 2453 626 2533 rectius
639 2479 704 2533 An·
810 2481 939 2563 ιιίιῑῶιιε.ρ
966 2478 1174 2536 Eddsseroald.
1194 2479 1283 2539 Rben.
1368 2495 1369 2564 t

170 2548 706 2673 tetsttbsst'tstt.
748 2547 1284 2691 tttnttsrtttsttetts
1368 2567 1369 2622 ³

169 2687 256 2743 scald.
273 2686 397 2741 Rbenan.
416 2686 481 2740 Ald.
498 2688 635 2741 valetudo.
667 2687 704 2740 cs.
741 2686 861 2755 fetiales
886 2685 983 2740 nititur
1007 2686 1167 2741 auctoritate
1187 2688 1284 2745 inscri-
1368 2683 1369 2750 l

170 2768 230 2811 not.
242 2757 275 2810 ad
290 2758 332 2816 14,
346 2757 389 2812 51.
703 2797 707 2808 .
749 2755 885 2837 ptionum.
919 2754 956 2814 cf,
977 2754 1115 2809 Muretori
1135 2756 1202 2811 thes.
1222 2776 1284 2812 nov.

205 2826 314 2878 Tiberii
328 2842 436 2877 nomen
454 2841 506 2877 suo
525 2825 707 2890 postserr‘pse7
750 2843 834 2877 rnscr.
849 2823 882 2876 Τ.
898 2823 924 2885 1,
942 2841 969 2894 p.
984 2824 1042 2880 188.
1056 2824 1083 2879 8.

170 2904 228 2949 rut.
269 2893 313 2947 De
333 2894 422 2947 Liviae
441 2891 598 2962 adrogantia
621 2892 708 2945 fusius
785 2893 849 2945 ideo
868 2894 1113 2957 augmentasse.
1161 2892 1283 2947 ‘liberius

171 2964 228 3017 Dio
248 2962 290 3021 57,
305 2962 346 3014 tt.
365 2962 412 3032 qui
433 2961 539 3015 scribit:
567 2958 620 3031 οὐχ
640 2957 709 3015 duod
751 2961 824 3016 bisce
834 2960 922 3014 verbis
938 2970 1022 3021 caret,
1040 2980 1075 3014 ne
1087 2960 1191 3035 fetiales
1204 2963 1231 3017 in
1241 2964 1283 3017 de·

171 3032 202 3094 ἔξ
219 3034 283 3084 ἴσου
297 3025 446 3116 stringent,
466 3027 602 3084 ἀλλὰκαὶ
622 3045 709 3102 πρεσ·
751 3028 935 3084 minutionem
960 3029 1003 3083 sui
1028 3029 1177 3101 accipiant,
1231 3031 1284 3088 uod
1368 3017 1369 3078 i

171 3096 263 3171 βεῦειν
276 3097 488 3165 αὑταιὶήθελεν.
750 3098 802 3170 ipsi
819 3108 977 3162 arceantur,
1003 3096 1165 3169 Augustales
1189 3050 1229 3158 ad

206 3171 291 3235 gravi
308 3178 335 3221 et
354 3170 533 3222 dbsdnuhta
551 3167 710 3235 offensibus.
751 3177 855 3224 tantur.
977 3221 980 3229 ,

172 3237 253 3290 Roth.
270 3238 307 3308 (p.
320 3238 364 3305 56)
385 3237 452 3293 baec
466 3238 549 3293 docet
567 3249 624 3290 esse
641 3237 710 3292 aeci·
766 3235 860 3290 ‘Cen
883 3235 926 3291 65.
980 3238 1100 3306 exsequi
1131 3238 1285 3292 sententias

171 3306 270 3378 pienda
283 3325 333 3377 per
350 3305 463 3377 figrnam
477 3305 509 3361 ἓν
525 3307 573 3362 διὰ
586 3306 668 3360 δυοῖν
683 3315 712 3360 et
751 3308 832 3360 baud
859 3304 970 3358 instetui
998 3314 1049 3357 etc.
1109 3304 1286 3363 Germanice:

174 3375 284 3448 quidem
297 3374 354 3428 eius
366 3375 485 3446 generis,
505 3374 579 3445 quod
611 3374 710 3427 ertioet
752 3374 969 3444 Aufittrteter
996 3375 1113 3428 Bsrieht
1145 3378 1216 3431 dher
1244 3377 1286 3429 dte

167 3445 207 3498 ad
228 3442 367 3496 adieetira.
414 3443 478 3498 vit.
496 3394 649 3507 rotardi,
666 3445 722 3496 20..
752 3445 989 3509 Absttnmungen
1017 3445 1121 3508 gesur:
1149 3445 1228 3499 niem
1253 3462 1287 3498 su

173 3514 326 3582 antiquom
343 3516 522 3581 ducamur
546 3516 574 3574 1,
583 3513 628 3566 40.
643 3530 709 3564 mu·
752 3512 861 3568 meiner
873 3512 1066 3579 Einricbtung,
1082 3514 1148 3565 sind
1159 3515 1200 3567 sie
1214 3514 1288 3567 m'cbt

174 3582 261 3635 liebre
279 3590 308 3633 et
327 3580 487 3632 mesembria
503 3598 616 3647 agmm.
659 3581 711 3632 Et·
752 3583 965 3649 ausgezeicbnet
980 3591 1033 3634 etc.
1067 3579 1124 3633 Alii
1144 3581 1206 3638 alia.
1241 3581 1288 3637 Est

174 3650 247 3705 enim
276 3650 460 3716 dissimulata
482 3649 600 3717 offensio
626 3660 712 3710 unam
753 3650 901 3713 sententia,
918 3667 987 3719 quae
1006 3647 1036 3703 in
1054 3648 1209 3704 universum
1231 3650 1287 3723 qui·

104 3721 107 3736 '
174 3719 261 3774 elficit
277 3719 428 3771 notionem.
461 3763 489 3772 .,
755 3719 816 3776 der'n
831 3717 919 3781 valet,
943 3718 1020 3773 cuius
1035 3727 1128 3773 tamen
1143 3718 1188 3775 bic
1206 3720 1287 3802 potis·

208 3789 357 3841 abdidisse.
393 3785 462 3840 tte
475 3784 526 3839 alta
541 3798 632 3842 mente
646 3804 711 3842 con·
754 3788 856 3841 simum
871 3784 947 3840 locus
960 3786 1025 3850 tuit,
1043 3796 1075 3840 ut
1085 3785 1193 3842 brevior
1205 3808 1234 3841 rn
1244 3807 1287 3842 en·

78 3921 81 3930 ,
175 3856 274 3911 didisse
286 3857 377 3928 ibique
390 3854 547 3917 retinuisse,
564 3865 595 3908 ut
605 3855 633 3911 in
645 3866 713 3908 tern-
755 3855 941 3912 tecedentibus
951 3855 1272 3927 expositioexctnaretur.

175 3944 243 3997 pore
261 3935 416 3996 promeret,
445 3921 509 3978 licet
529 3923 604 3980 nunc
629 3925 713 3978 offen·
787 3924 888 3992 pravis
898 3924 1133 3998 dt'otrissaetr'eque,
1159 3922 1288 3982 sictona

177 3993 281 4048 sionem
318 3994 507 4049 dissimularet.
564 3992 713 4064 Perpebarn
748 3994 833 4065 sacta
850 3992 929 4045 nlo.
1007 3997 1012 4004 “

177 4061 318 4115 Emestius
330 4064 446 4118 malebat
457 4061 603 4129 awepssse.
788 4079 829 4118 ex
849 4061 1017 4127 posteritate
1037 4071 1064 4115 et
1082 4061 1214 4132 defuturis.
1258 4060 1288 4120 it

212 4130 326 4201 ludique
339 4134 445 4200 magni.
486 4130 520 4186 Η.
533 4150 558 4187 e.
571 4132 714 4188 circenses.
756 4130 907 4188 cetron.
943 4128 980 4188 of.
993 4124 1076 4186 Rotb.
1094 4150 1122 4204 p.
1137 4130 1182 4187 51.

1225 3100 1284 3154 mit·
1368 3133 1369 3160 r
