2792 4642
156 161 293 291 χειῇ
330 169 359 237 A
391 178 595 257 'mutu
638 141 912 260 carmem.
1144 193 1219 302 eoo

103 331 159 406 hil
178 323 360 416 demutari,
376 365 379 368 ·
393 338 454 405 sed
473 337 635 422 letales,
660 362 730 433 qua
748 338 928 408 flaminica
940 337 1073 425 Dialis,
1098 365 1216 415 sacro-
1332 409 1336 414 ,

102 462 184 508 rum
199 463 301 514 causa
315 441 355 510 in
368 452 538 531 potestate
551 438 638 523 viri,
661 454 773 509 cetera
787 440 986 532 prommcuo
1003 443 1215 516 feminarum

101 541 182 611 iure
196 556 323 632 ageret.
346 539 1045 634 etfiliusMaloginensis-patrisuffectus.
1095 544 1214 643 thue

99 642 263 734 glisceret
282 642 439 734 dignatio
462 644 681 713 sacerdotum
701 658 805 738 atque
823 643 908 738 ipsis
924 648 1122 737 promptior
1134 652 1214 719 ani-

42 769 47 782 ’
98 744 180 815 m'us
198 746 355 838 foretad
375 746 600 836 capessendas
613 745 859 832 caerimonias,
884 746 1212 821 decretum'Corne-
1268 759 1272 768 '
1293 773 1297 781 ·

98 847 169 917 liae
180 848 331 938 virgini,
354 871 444 941 quae
457 848 497 916 in
509 833 627 916 locum
634 847 795 918 Scantiae
806 849 1025 942 capiebatur,
1049 848 1122 924 HS.
1131 852 1210 927 XX.
1227 863 1230 872 ’

98 963 136 1018 et
155 943 319 1043 quotiens
333 944 493 1040 Augusta
513 944 692 1020 theatrum
710 949 907 1038 introisset,
938 965 979 1021 ut
998 953 1096 1021 sedes
1117 955 1210 1024 inter

97 1048 296 1123 Vestalium
309 1052 516 1124 consideret.

198 1252 316 1329 XVII.
355 1252 523 1325 Cornelio
547 1248 722 1345 Cethego,
739 1293 742 1302 ·
760 1253 909 1324 Visellio
932 1253 1096 1336 Varrone
1121 1282 1222 1338 coss.¹

95 1357 280 1448 pontifices
296 1362 489 1450 eorumque
506 1358 664 1448 exemplo
682 1358 789 1444 ceteri
803 1359 997 1428 sacerdotes
1005 1412 1025 1444 ,,
1043 1385 1206 1452 cumpro

94 1459 340 1550 incolumitate
361 1459 533 1551 principis
555 1473 637 1528 vota
660 1455 892 1551 susciperent,
917 1456 1097 1530 Neronem
1116 1488 1208 1557 quo-

94 1585 166 1653 que
181 1574 216 1630 et
230 1551 388 1631 Drusum
400 1561 526 1630 iisdem
539 1561 608 1629 diis
622 1562 929 1645 commendavere,
961 1587 1035 1632 non
1056 1579 1128 1634 tam
1149 1590 1207 1635 ca-

70 1663 199 1733 ritate
223 1663 391 1733 iuvenum
412 1687 518 1756 quam
540 1662 758 1734 adulatione:
785 1666 1045 1756 qnaemoribus
1058 1683 1227 1758 corrup-4

92 1763 140 1835 tis
160 1764 306 1857 perinde
329 1789 474 1856 auceps,
500 1766 530 1833 si
551 1765 650 1834 nulla
664 1775 704 1835 'ct
717 1765 789 1835 ubi
797 1766 908 1836 nimia
924 1773 994 1839 e'st.=
1034 1767 1124 1838 Nam
1140 1767 1206 1837 Ti-

91 1867 214 1936 berius
238 1862 334 1937 haud
353 1890 512 1961 unquam
534 1867 657 1935 domui
671 1864 875 1936 Germanici
890 1868 1006 1964 mitis,
1031 1883 1107 1938 tum
1120 1894 1204 1940 vero
1221 1945 1226 1962 ⁸

91 1969 238 2062 aequari
255 1971 494 2056 adulescentes
510 1983 667 2040 senectae
686 1992 770 2037 suae
790 1969 1016 2063 impatienter
1034 1970 1205 2043 indoluit:
1309 2049 1314 2056 ,

91 2072 290 2165 accitosque
309 2071 492 2164 pontifices
514 2085 761 2163 percunctatus
781 2086 848 2155 est,
873 2095 962 2146 num
983 2072 1021 2141 id
1041 2061 1204 2164 precibus
1269 2163 1271 2168 ι

43 2198 45 2202 ·
90 2166 310 2265 Agrippinae
324 2188 385 2242 aut
394 2174 503 2250 minis
514 2173 731 2245 tribuissent.
781 2169 831 2244 Et
843 2173 899 2241 illi
911 2174 1071 2266 quidem,
1090 2198 1205 2267 qrran-

90 2300 201 2369 quam
216 2276 434 2359 abnuerent,
447 2276 585 2345 modice
597 2275 774 2367 perstricti
789 2270 936 2367 (etenim
948 2299 1032 2368 pars
1044 2299 1170 2365 magna
1185 2302 1204 2347 e

88 2377 303 2470 propinquis
325 2377 436 2468 ipsius
455 2390 517 2446 aut
535 2376 709 2468 primores
725 2377 875 2447 civitatis
889 2375 1023 2474 eraut):
1050 2391 1203 2458 ceterum
1315 2442 1318 2448 .
1391 2447 1392 2478 3

44 2515 47 2518 ·
88 2480 267 2554 insenatu
281 2479 441 2548 oratione
453 2476 595 2547 monuit
607 2478 646 2546 in
661 2491 859 2569 posterum,
885 2504 930 2547 ne
954 2480 1035 2573 quis
1053 2482 1202 2560 mobiles

88 2581 370 2662 adulescentium
386 2582 524 2651 animos
543 2581 775 2673 praematuris
793 2575 992 2652 bonoribus
1013 2582 1057 2660 ad
1079 2601 1203 2673 super-

87 2683 188 2752 biam
209 2683 398 2756 extolleret.
450 2680 609 2753 Instabat
630 2682 760 2775 quippe
782 2679 1202 2775 Seianusiucusabatque
1236 2749 1240 2757 ,

87 2786 270 2855 diductam
290 2787 467 2866 civitatem
485 2799 525 2855 ut
545 2783 642 2853 civili
661 2783 772 2853 hello:
805 2796 877 2852 esse
903 2784 964 2877 qui
987 2807 1023 2852 se
1046 2786 1201 2875 partium

87 2882 307 2980 Agrippinae
327 2901 471 2972 vocent,
493 2912 532 2956 ac
551 2886 591 2955 ni
612 2884 811 2970 resistatur,
835 2886 912 2954 fore
931 2886 1059 2978 pluris:
1086 2895 1217 2980 neque

86 2990 189 3064 aliud
200 2989 375 3078 gliscentis
387 2989 582 3058 discordiae
594 2989 791 3058 remedium
804 3012 911 3081 quam
923 2987 954 3055 si
964 3005 1058 3058 unus
1070 2989 1200 3059 alterve

85 3091 241 3162 maxime
254 3083 410 3182 prompti
427 3091 724 3161 subverterentur.
836 3178 838 3182 .

122 3397 224 3441 cetera.
261 3384 295 3439 τὰ
315 3383 350 3439 dl
365 3382 444 3440 tlte.
487 3385 523 3441 cl.
541 3387 620 3440 Butt-
697 3384 766 3440 Car.
783 3386 824 3440 17.
846 3389 973 3439 mobiles.
1005 3382 1196 3458 ,tiparissolou

87 3477 181 3512 mann.
194 3455 275 3524 Gr.§
300 3445 356 3510 187.
372 3475 402 3525 p.
415 3454 476 3507 681.
615 3521 617 3526 ι
663 3453 809 3521 εὐκίνητοι.
844 3456 888 3509 Ad
907 3454 961 3509 hor
977 3465 1057 3527 caput
1077 3455 1112 3510 cf.
1126 3455 1198 3511 Sue·
1252 3521 1253 3526 Ἰ

122 3526 244 3593 etfilius.
277 3524 320 3579 De
330 3522 460 3597 particula
474 3531 500 3590 et
512 3522 548 3577 cf.
563 3534 620 3578 not.
663 3536 722 3579 ton.
735 3524 795 3578 Tib.
810 3544 835 3578 c.
850 3522 901 3578 54κ
1068 3529 1073 3540 “

86 3596 121 3654 td
135 3599 159 3661 l,
174 3595 215 3647 ll·
307 3627 312 3658 t
497 3643 499 3648 ι
616 3651 618 3655 .
697 3587 935 3662 subverterenturJ
956 3608 1198 3678 ApudEroestium
1243 3631 1245 3636 ’
1318 3631 1323 3644 ’

89 3717 91 3724 -
121 3680 289 3734 sedesr'nt'er
303 3678 470 3730 Vestalium.
506 3675 550 3729 De
564 3677 622 3747 qui·
664 3690 821 3748 temporum
842 3675 916 3738 ratio,
929 3677 1061 3742 desiderat
1079 3681 1197 3731 subver-

85 3752 138 3804 bus
157 3746 264 3799 sedibus
281 3745 317 3800 cf.
331 3745 444 3802 Sueten.
459 3745 524 3800 Oct.
539 3764 563 3798 e.
576 3745 620 3797 44.
664 3756 770 3799 tantur.
807 3744 985 3816 Wopkensio
1005 3746 1049 3799 hic
1068 3756 1107 3800 est
1124 3757 1198 3804 sueta

85 3818 213 3874 &terum
227 3814 299 3881 quod
312 3814 621 3886 Tiberiuesupramb.
664 3826 817 3886 temporum
837 3815 963 3884 enallage.
999 3813 1042 3867 Tu
1054 3825 1198 3886 vereputa
1262 3841 1264 3848 t

85 3885 192 3942 Fonteii
207 3883 341 3953 Agrippae
355 3883 450 3947 filiam,
468 3884 530 3953 qnia
544 3884 571 3935 in
583 3883 622 3935 lo·
663 3886 890 3946 subverterentur·
901 3899 959 3936 esse
970 3882 1134 3951 optativum,
1171 3882 1197 3935 ui

85 3977 148 4013 cum
165 3952 268 4007 Occiae
285 3971 342 4006 non
355 3949 443 4004 fuerat
456 3962 548 4023 capta,
571 3950 621 4003 ele-
664 3972 694 4005 ιι
710 3971 820 4023 graecae
831 3950 1019 4024 gramnratices
1032 3951 1134 4005 ratione
1149 3901 1198 4006 iic

62 4028 142 4082 *cies
153 4020 305 4084 sestertium
318 4020 381 4074 dote
398 4020 498 4074 solatus
516 4030 570 4079 est.
588 4020 621 4076 ad
662 4021 818 4091 requiritur.
866 4019 935 4074 Nam
960 4038 991 4072 es
1011 4036 1199 4081 resumere

85 4094 206 4148 Vestales
220 4108 277 4142 non
292 4087 424 4172 pertinen
440 4089 622 4161 quodeontra
663 4089 825 4160 cogitatione
847 4087 940 4150 Seiani
960 4096 1027 4138 tune
1056 4086 1197 4164 perdebat.

86 4162 239 4224 Fenestium
252 4158 352 4226 salbo.
611 4187 617 4208 2
662 4159 701 4216 es.
714 4168 772 4211 not.
786 4158 819 4214 ad
836 4161 858 4219 t,
871 4157 912 4216 19.
943 4207 949 4216 g
1056 4223 1060 4232 .
