2792 4642
179 203 257 281 2⁶0
567 194 890 271 auttanttttt
1107 190 1242 291 etti:

179 371 305 435 natura
320 352 649 428 invalidumdeseri
664 366 699 423 et
711 352 842 445 exponi
857 374 921 423 suo
937 351 1043 436 luxu,
1065 329 1297 447 cipidinibus
1326 337 1332 354 ’

179 463 317 538 alienis.
366 459 427 530 vix
443 455 621 550 praesenti
636 455 801 526 custodia·
809 477 955 525 manere
967 454 1100 526 inlaesa
1111 457 1294 547 eoniugia:

179 565 375 664 quidiste,
398 559 430 630 si
443 579 509 653 pet
522 553 642 652 plures
660 580 775 626 annos
792 556 833 625 in
855 557 1004 628 modum
1023 557 1164 629 discidii
1181 559 1297 632 oblit-

180 664 363 742 terenuut
412 661 473 734 Sic
492 661 636 731 obviam
650 659 746 729 irent
763 659 828 743 iis,
851 682 942 754 quse
954 659 1043 729 alibi
1053 675 1295 753 peccarentur,

179 786 221 845 ut
239 767 456 861 flagitiorum
474 763 576 833 urbis
593 760 848 835 meminissent.
898 754 1051 831 Addidit
1068 786 1181 855 pauca
1194 759 1295 834 Dru-

180 897 240 946 sus
256 872 303 943 de
321 866 548 938 matrimonio
570 889 646 936 suo.
694 884 781 972 pam
799 864 1022 957 principibus
1039 866 1203 936 adeunda
1215 890 1295 936 sae·-

179 978 261 1075 pius
279 970 476 1065 longinqua
501 966 653 1060 imperii.
704 966 870 1060 quotiens
888 966 1013 1037 divum
1029 962 1231 1057 Augustum
1252 968 1308 1037 in·

180 1075 415 1152 Occidentem
435 1085 539 1163 atque
552 1064 741 1139 Orientem
759 1067 929 1137 meavisse
951 1069 1081 1160 comite
1091 1068 1219 1148 Livia?
1255 1094 1294 1139 se

180 1202 323 1276 qnoque
342 1176 383 1246 in
397 1171 582 1268 Illyricum
596 1170 795 1262 profectum
807 1182 861 1256 et,
881 1170 913 1239 si
926 1169 977 1241 ita
990 1171 1180 1259 conducat,
1203 1173 1294 1244 alias

95 1313 98 1320 ·
179 1284 228 1354 nd
260 1294 380 1373 gentes
400 1275 553 1358 iturum,
588 1266 687 1342 haud
715 1295 854 1365 semper
878 1287 991 1367 aequo
1016 1273 1162 1364 animo,x
1190 1274 1221 1343 si
1246 1274 1294 1345 ab

178 1408 290 1457 uxore
303 1378 481 1452 carissima
493 1387 529 1447 et
541 1387 594 1446 tot
608 1375 854 1445 communium
865 1375 1061 1447 liberorum
1076 1389 1220 1468 parente
1233 1377 1293 1446 di-

149 1491 153 1510 ‘
270 1497 380 1554 retur.

177 1487 270 1557 vesse
278 1578 432 1658 XXXV.
472 1576 532 1660 Sic
544 1571 909 1651 Caecifimsententta
919 1581 1027 1652 elusa.
1075 1574 1129 1652 Et
1137 1579 1293 1673 proximi

56 1725 58 1740 .
179 1701 320 1761 senatus
340 1685 398 1755 die
415 1680 582 1752 Tiberius
594 1706 659 1775 per
676 1682 811 1753 litteras
832 1682 1006 1774 castigatis
1023 1681 1167 1777 oblique
1179 1683 1293 1776 patri-

175 1793 264 1877 bus,
285 1787 531 1884 quodcuncta
551 1807 717 1856 curarum
737 1785 783 1854 ad
796 1784 995 1877 principem
1011 1784 1215 1870 reficerent,
1237 1782 1293 1856 M

176 1891 356 1986 Lepidum
380 1903 415 1960 et
433 1884 580 1958 Iunium
596 1883 764 1958 Blaesum
786 1884 1003 1972 nominavit,
1034 1909 1076 1956 ex
1104 1887 1184 1981 quis
1205 1910 1293 1979 pro-

179 1994 304 2068 consul
316 1986 458 2063 Afticae
475 1989 660 2079 legeretur.
710 1984 808 2058 Tum
826 1988 955 2088 audita
968 1989 1157 2058 amborum
1173 1990 1292 2074 verba,

178 2097 351 2169 intentius
370 2104 556 2162 excusante
575 2111 612 2158 se
625 2087 783 2179 Lepido,
807 2113 888 2159 cnm
906 2088 1148 2159 valetudinem
1165 2115 1292 2183 corpo-

177 2200 248 2284 ris,
275 2208 424 2269 aetatem
444 2191 615 2274 liberum,
645 2189 808 2259 nubilem
834 2191 946 2261 filiam
974 2191 1216 2279 obtenderet,·
1232 2194 1292 2260 in-

177 2300 466 2388 telligereturque
494 2290 620 2377 etiam,
654 2292 753 2385 quod
786 2292 930 2381 silebat,
970 2293 1190 2366 avunculum
1218 2317 1292 2363 esse

177 2397 301 2482 Seiani
311 2394 480 2467 Blaesum
493 2405 597 2487 atque
610 2416 653 2462 eo
668 2395 922 2485 praevalidum.
971 2392 1173 2487 Respondit
1185 2392 1292 2466 Blae-

177 2526 238 2576 sus
250 2498 365 2594 specie
379 2494 590 2581 recensentis,
615 2496 675 2565 sed
690 2509 807 2590 neque
827 2498 950 2567 eadem
971 2497 1236 2570 adseveratione
1256 2510 1293 2568 et

178 2626 353 2677 consensu
367 2595 590 2669 adulantium
602 2591 700 2668 haud
720 2598 817 2669 intus
829 2612 891 2673 est:

277 2697 450 2777 XXXVI.
497 2694 594 2771 Exin
613 2714 839 2792 promptum,
871 2700 968 2794 quod
988 2701 1185 2773 multorum
1204 2700 1291 2778 inti-

176 2810 246 2880 mis
261 2806 443 2903 questibus
456 2802 649 2893 tegebatur.
699 2797 889 2873 Incedebat
903 2802 1000 2873 enim
1011 2805 1202 2875 deterrimo
1213 2803 1291 2874 cui-

193 3034 330 3092 ‘decuit
363 3026 713 3089 &eedtttemmttten
790 3040 819 3085 et
846 3048 981 3086 consensu
1005 3033 1186 3087 adulandum
1214 3034 1292 3086 harad

177 3105 280 3163 etdein
288 3104 537 3223 Berneggmpp-
556 3097 714 3172 Aldoprae·
755 3101 833 3154 iratus
848 3109 897 3154 est.
931 3101 1002 3158 cod.
1016 3104 1078 3159 MS.
1100 3112 1161 3157 test.
1181 3099 1311 3155 [Gro-v

176 3169 425 3243 eusteedd.b1ps.
468 3168 520 3223 'riu
535 3165 616 3223 erut.
633 3170 713 3222 dm-
754 3169 840 3248 povio
858 3172 938 3223 houd
951 3172 1043 3225 iustus
1054 3181 1106 3226 est.
1140 3168 1224 3225 Unde
1234 3170 1290 3223 Be·

176 3245 228 3298 uti.
252 3240 367 3298 Vitiose.
388 3238 429 3296 ss·
442 3236 524 3303 286.
754 3240 850 3292 rosido
870 3248 982 3293 auctore
1000 3250 1065 3293 vett.
1089 3238 1153 3293 edd.
1178 3248 1243 3294 ets
1282 3277 1290 3292 .

212 3309 248 3366 ab
271 3325 371 3364 uxore.
419 3306 466 3363 sic
495 3304 558 3362 edd.
581 3303 711 3360 Beroald.
754 3306 854 3361 babeat
880 3312 994 3361 auctus
1022 3318 1074 3361 sat.
1123 3307 1243 3362 Feliciua
1281 3346 1288 3359 .

175 3379 263 3435 Blaen.
276 3397 336 3451 sqq·
352 3410 389 3422 -
422 3374 551 3431 Oberlin.
569 3386 596 3429 et
611 3372 658 3446 qui
673 3373 712 3427 il·
755 3374 914 3448 (impurius
937 3377 1095 3432 emendarit
1117 3380 1196 3430 haud
1216 3379 1292 3430 meua

172 3448 236 3504 'lum
252 3457 416 3519 sequuntur,
433 3445 562 3501 omittunt
572 3445 618 3497 ab.
755 3452 809 3500 est.
841 3443 951 3499 Etenim
960 3444 984 3499 si
995 3445 1149 3500 adulatores
1160 3445 1291 3504 iuvissent

172 3525 176 3532 '
212 3516 459 3573 tot..titemmm.
496 3511 533 3568 cf.
547 3512 625 3568 αδδ.
652 3569 657 3580 ,
754 3513 882 3567 Blaesum
910 3514 941 3567 in
967 3515 1115 3568 mcusanda
1139 3514 1290 3585 provincia.

212 3585 335 3642 0286.
361 3579 552 3652 [Leptim.
578 3580 642 3636 vis
652 3590 712 3635 not.
754 3592 815 3635 tum
827 3583 962 3637 recusatio
976 3581 1289 3656 rerapotuissetsideri

177 3656 212 3713 ad
227 3675 251 3711 ς,
264 3654 308 3709 32,
754 3649 814 3704 lam
826 3669 891 3704 vero
904 3669 969 3704 cum
987 3670 1043 3705 uno
1060 3665 1197 3708 consensu
1215 3662 1288 3706 tace·

211 3725 325 3780 Iunium
332 3721 479 3776 Blaesum,
497 3716 534 3773 cb
547 3721 572 3780 1,
581 3718 623 3773 16.
646 3719 714 3773 Mos
753 3727 816 3773 rent
832 3721 875 3775 vel
891 3718 971 3774 etiam
988 3721 1123 3773 menanti
1134 3719 1288 3774 reniteren-

173 3794 329 3865 proeonsul
347 3790 409 3843 edd.
427 3787 550 3842 Bhenan.
573 3786 636 3841 Ald.
654 3807 713 3860 sqq.
754 3797 814 3853 tur,
833 3806 915 3841 nemo
934 3788 1073 3868 ignorabat
1091 3789 1210 3860 speciem
1227 3798 1291 3842 tan·

173 3863 357 3937 proconsule
370 3855 569 3914 edd.Beroald.
582 3854 713 3910 laeGro·
754 3865 814 3909 tum
829 3867 979 3912 recusantis
995 3874 1058 3929 prae
1076 3876 1104 3912 se
1121 3858 1193 3913 tem
1208 3857 1287 3916 Blae-
1376 3897 1377 3908 ,

176 3951 241 3988 nov.
257 3950 273 3984 e
295 3929 358 3987 eod.
376 3925 439 3982 MS.
486 3923 569 3981 Recte
588 3924 713 3986 forsitan.
753 3933 826 3980 sunt.

177 4002 241 4055 Non
256 4000 330 4054 enim
339 3996 491 4067 proconsul
505 3992 636 4061 (hesir
649 4013 714 4067 pro·
790 3991 913 4049 creso.
948 3992 1100 4049 &cedebas
1133 3993 1170 4050 cl'.
1184 4004 1242 4050 not.
1256 3995 1289 4050 ad

177 4068 321 4124 consulatu
340 4064 516 4139 prseditns)l
549 4062 635 4117 endas
648 4074 714 4123 erat,
756 4064 830 4117 ess.
855 4060 982 4116 Ceterum
991 4080 1026 4115 ne
1035 4063 1170 4134 coniunge
1181 4065 1289 4116 daude-

178 4135 232 4206 sed·
241 4135 369 4207 legendus
382 4153 453 4187 uuus
472 4131 522 4186 esi
545 4151 566 4186 ts
578 4147 632 4198 pro
649 4149 712 4185 oon·
754 4131 975 4200 baedetmus'pan
986 4131 1032 4184 sed
1041 4132 1289 4201 detaut'quels'aeu·

178 4205 247 4260 sule.
264 4200 583 4292 ‘cinaedm-66.
599 4199 698 4261 M&
755 4201 806 4255 ts's.
829 4199 1288 4274 Sicsupr.2,66.tistrodeeamfe·
