2792 4642
108 190 161 297 ,s
273 165 281 190 '
454 180 838 264 *usnemun
1063 183 1201 281 ppei

134 343 182 414 ob
201 318 393 414 cenimina
407 344 607 439 potentium
623 357 659 416 et
675 341 861 417 avaritiam
881 314 1165 433 magistratuum,
1192 332 1253 416 in-

132 445 252 515 valido
265 446 384 537 legum
394 445 536 532 auxilio,
559 432 649 543 uuae
661 444 716 531 vi.
739 446 889 531 ambitu,
908 462 1085 539 postremo
1098 449 1254 540 pecunia

49 570 52 577 ’
133 549 380 621 turbabantur.
861 582 866 589 ‹

236 647 303 723 III.
330 647 496 720 Ceterum
508 643 690 741 Augustus
711 646 868 720 subsidia
889 649 1125 722 dominationi
1143 649 1255 724 Clau-

133 751 234 822 dium
253 749 465 822 Marcellum
494 754 626 823 sororis
656 752 788 837 lilium,
825 753 1019 823 admodum
1044 755 1252 839 adulescen-

9 831 220 976 idprpepltem
233 855 440 946 pontificatu
454 869 488 927 et
502 856 619 925 curuli
633 853 827 940 aedilitate,
847 852 901 927 M.
910 851 1124 948 Agrippam.
1146 857 1254 947 igno-
1283 914 1286 917 .

1 934 241 1091 'Wssffi‘dem
258 958 361 1043 loco.
388 958 526 1028 bonum
548 958 677 1028 militia
701 970 738 1028 et
757 944 1106 1053 rictoiinesocium,
1138 959 1257 1048 genti«
1301 1027 1322 1037 ,.

6 1055 68 1157 ill
130 1059 224 1130 natis
240 1061 480 1132 consulatibus
497 1059 641 1146 extulit,
665 1081 749 1131 mox
767 1059 934 1130 defuncto
949 1057 1121 1131 Marcello
1144 1054 1339 1152 gene-‘²¹¹³'

77 1287 80 1293 ‚
123 1260 128 1277 .
165 1226 199 1277 ob
217 1226 371 1278 eertumirur
387 1224 555 1290 potentium.
597 1221 666 1277 Nam
709 1223 794 1292 quusi
809 1235 1013 1290 argumentum
1032 1235 1173 1292 paternae
1193 1228 1251 1277 lru-
1297 1248 1301 1257 =

129 1292 194 1347 inde
213 1294 334 1348 aMario
352 1303 378 1346 et
390 1292 464 1345 Sulla
479 1311 600 1363 magnae
610 1293 667 1346 mi·
709 1294 837 1345 militatis
853 1297 1004 1346 sustulerat
1024 1304 1052 1346 et
1068 1296 1108 1347 M.
1124 1284 1252 1361 Agrippia

128 1363 214 1417 seriae
234 1383 264 1416 ex
279 1362 356 1416 bellis
368 1361 495 1417 ciuilibus
507 1361 537 1417 iu
553 1362 667 1434 prosin-
708 1364 861 1416 dicebatur.
899 1364 969 1416 Cum
985 1365 1147 1431 defenderet
1160 1382 1250 1423 reum,

130 1431 185 1488 cias
199 1432 428 1488 redundaverant.
701 1429 762 1499 fuit
773 1441 927 1494 accusator,
938 1433 987 1500 qui
992 1437 1094 1484 dr'reret
1102 1432 1140 1486 M.
1147 1435 1251 1499 Agriu-
1263 1451 1270 1464 ·

162 1503 317 1555 uvaritrirm
347 1536 355 1552 .
387 1537 395 1552 .
427 1534 436 1552 .
470 1500 666 1569 turbabuntur.
706 1518 779 1566 pum
797 1508 825 1550 et
846 1505 921 1568 quud
939 1504 1062 1553 medium
1076 1511 1126 1554 est.
1162 1503 1253 1553 Vole-

129 1567 380 1623 Commentatorem
399 1567 478 1621 huius
494 1569 548 1622 loci
568 1568 665 1637 habeto
708 1569 758 1619 bat
772 1569 942 1635 Vipsanium
961 1570 1092 1635 intelligi.
1130 1569 1251 1625 Velleius

129 1636 292 1692 Ciceronem
311 1637 339 1690 in
354 1637 477 1693 Verrem.
505 1641 665 1692 Avaritiam
707 1636 733 1699 2,
744 1637 789 1690 96.
803 1657 864 1701 eam
877 1638 1073 1708 ignobilitatem
1088 1638 1153 1693 dicit
1167 1642 1251 1692 noui·

128 1709 348 1773 magistratuum
371 1707 452 1760 ctiam
477 1705 585 1761 Sallust.
604 1706 663 1780 lug.
708 1706 811 1769 tutem.
828 1707 925 1760 leniori
938 1708 1074 1765 vocabulo
1088 1726 1138 1779 per
1150 1707 1249 1762 adula—
1307 1742 1321 1757 .

128 1793 153 1832 c.
166 1776 211 1830 43.
225 1776 245 1831 f.
260 1786 403 1829 memorat.
417 1775 516 1831 Noster
531 1779 555 1839 4,
566 1775 593 1828 6.
706 1776 813 1828 tionem
832 1794 906 1829 usus.
1092 1790 1108 1805 '⁴
1164 1782 1167 1787 “

163 1843 232 1900 Cer.
252 1842 278 1899 3.
322 1846 444 1897 subsidiis
467 1846 664 1901 domuerunt.
742 1847 846 1897 bonum
859 1845 969 1899 militia.
1005 1844 1067 1898 Nic.
1079 1834 1204 1907 Heinsius
1217 1845 1249 1901 in

127 1908 224 1967 Festus
247 1913 401 1975 nebridium
431 1915 556 1985 explieat,
591 1919 665 1982 quod
708 1913 887 1970 animadvers.
897 1913 1020 1968 emendat
1033 1916 1157 1977 militiae,
1172 1915 1250 1984 quod

125 1983 311 2049 postpositum
331 1986 428 2036 estad
445 1983 665 2041 subueniendum
707 1980 832 2035 Ernestio
857 1991 884 2034 et
904 1981 1038 2053 Rupertio
1063 1984 1125 2035 satis
1147 1983 1249 2054 placet.

126 2052 327 2120 laborantibus.
379 2050 450 2106 Hinc
480 2052 544 2106 inlr.
571 2048 662 2113 255.
707 2049 871 2104 Graecismis
886 2050 960 2104 enirn
979 2051 1104 2107 delectui
1120 2051 1249 2106 Taciturn

127 2121 269 2180 triremes,
289 2138 409 2188 quarum
424 2123 548 2175 subsidio
563 2122 673 2188 distri--
707 2119 811 2173 dicunt.
846 2112 885 2172 At
898 2118 1068 2173 Graecorum
1083 2130 1124 2173 est
1138 2119 1249 2189 ἀγαθὸς

127 2190 202 2241 meni
226 2191 409 2243 eximeretur.
454 2190 512 2243 lam
538 2191 664 2245 subsidia
707 2187 740 2241 τὰ
754 2183 906 2256 πολεμικά,
927 2208 984 2242 non
997 2191 1055 2242 τῶν
1074 2191 1247 2262 πολεμικῶν.

126 2260 313 2329 dominationi
328 2258 425 2312 Noster
446 2258 512 2312 dicit
530 2278 592 2320 eos,
617 2259 665 2331 qui
706 2258 784 2326 Xeno
804 2257 830 2310 b'.
852 2256 953 2328 Cyr‘op.
978 2262 1001 2321 1,
1020 2258 1045 2323 5,
1064 2257 1090 2310 9.
1131 2255 1245 2314 'Aeliam

127 2327 272 2381 succedere
288 2326 415 2398 Augusto
432 2339 542 2397 possent
562 2322 664 2382 inim·
705 2345 766 2382 var.
781 2277 843 2380 list.
858 2327 940 2390 7,114.
976 2328 1028 2382 llic
1049 2337 1139 2380 autem
1159 2330 1250 2381 bonus

126 2395 203 2465 perio
221 2396 339 2466 ideoque
356 2414 405 2466 pro
427 2396 547 2449 eiusdem
570 2397 662 2449 domi·
706 2405 747 2448 est
779 2396 941 2468 διαφέρων,
977 2404 1131 2469 praestans,=
1171 2397 1248 2470 quod

126 2462 235 2518 natione
258 2466 307 2521 niti
329 2465 467 2519 deberent.
514 2464 585 2518 Nam
605 2484 663 2518 non
707 2463 818 2518 Graecis
847 2467 960 2537 ponitur
990 2484 1055 2521 cum
1078 2465 1169 2521 dativo
1199 2465 1247 2521 vel

126 2532 255 2598 legiones,
270 2533 663 2604 nonolassssperirciefirmu
707 2552 771 2587 cum
794 2535 937 2607 praeposit.
960 2535 1000 2590 ir.
1035 2534 1106 2586 Eum
1124 2534 1248 2591 dativum

125 2600 240 2668 imperii
251 2605 442 2671 munimenta,
462 2623 547 2673 quom
561 2622 663 2658 nume·
705 2602 795 2656 Latini
817 2604 969 2676 exprimunt
988 2602 1117 2658 ablativo.
1153 2604 1247 2658 Livius

125 2687 192 2724 rum
208 2675 358 2727 liberorum
368 2692 448 2741 ¹esse,
471 2674 663 2744 cognoscimus
705 2671 730 2735 4,
743 2674 770 2726 2.
789 2673 828 2725 sie
837 2691 907 2737 paee
919 2676 1020 2740 honos,
1037 2673 1076 2725 sie
1088 2674 1159 2725 bello
1165 2674 1243 2742 fieri.

126 2759 142 2792 e
155 2739 220 2796 Tac.
243 2743 310 2798 ltin.
325 2742 350 2806 4,
364 2742 407 2797 52.
422 2744 428 2767 ’
442 2742 553 2805 01055.
567 2740 607 2796 13.
629 2742 662 2796 de
706 2740 775 2794 lbid.
796 2760 821 2794 e.
835 2739 870 2794 3.
889 2742 1035 2811 virsortis
1053 2759 1086 2793 ue
1105 2751 1243 2805 strennue,

126 2809 169 2864 Au
190 2822 249 2865 usto
274 2823 336 2883 post
360 2812 534 2882 adoptionem
560 2811 663 2865 Tiberii
702 2826 773 2877 poce
786 2812 909 2877 belloque
920 2812 1018 2863 ὂοηυε.
1057 2809 1165 2864 Sallust.
1182 2811 1213 2863 lu
1234 2847 1242 2862 .
1266 2844 1274 2857 ·

126 2887 153 2930 et
194 2882 337 2934 ermonici:
360 2882 414 2933 κάκ
426 2878 533 2937 τούτων
543 2882 610 2936 inid
706 2898 730 2931 c.
746 2878 788 2951 13.
807 2880 879 2930 bello
891 2881 1030 2932 meliores.
1067 2880 1136 2931 lbid.
1158 2900 1183 2935 c.
1198 2829 1243 2931 43.

126 2941 212 3014 σήσας
222 2946 312 3008 texet
321 2947 471 3018 διαδόχους
483 2952 530 3003 καὶ
542 2956 665 3027 pontone
705 2946 792 3002 Tacit.
813 2946 906 3000 Germ.
929 2968 954 3002 c.
973 2948 1018 3002 32.
1037 2947 1059 3003 1.
1116 2947 1245 3003 Ceterum

127 3016 200 3086 ἔχων
223 3029 274 3072 ete.
327 3017 419 3071 Dativi
455 3021 663 3075 esubstantiro
705 3017 823 3069 militiae
846 3016 944 3070 iubae
964 3018 1033 3070 serie
1053 3027 1112 3070 tum
1133 3019 1247 3071 demum

126 3087 267 3157 pendentis
277 3088 396 3170 exempla
410 3086 493 3141 babes
504 3087 569 3141 inlr.
582 3108 607 3142 c.
616 3090 661 3144 22.
706 3105 770 3140 curn
790 3085 900 3139 Heinsio
916 3086 1015 3139 Noster
1036 3086 1198 3156 scripsisset,
1222 3085 1248 3139 si

122 3158 219 3223 plures
235 3157 362 3209 seditioni
380 3161 473 3212 dures.
509 3176 534 3211 c.
549 3154 593 3210 24.
615 3177 663 3212 re·
705 3155 835 3210 voluisset
849 3155 939 3209 dicere
952 3158 1056 3224 bonum
1069 3155 1176 3218 socium
1191 3156 1244 3208 mi·

126 3234 187 3277 otor
211 3226 312 3280 iuveni.
329 3222 373 3286 ’2,
392 3225 437 3279 64.
462 3242 563 3279 saurus
583 3228 663 3282 bello.
705 3225 784 3276 litebe
796 3234 824 3276 et
834 3226 977 3278 vr'etoriue.

127 3314 152 3348 o.
163 3294 206 3347 52.
216 3311 270 3359 per
280 3312 349 3363 quos
361 3296 501 3349 exercitui
510 3312 662 3360 regressus.
740 3294 891 3361 geminatis
915 3296 1110 3348 consulatibus·
1158 3293 1246 3346 Intel-

126 3363 181 3417 An.
194 3364 221 3430 2,
235 3360 280 3417 33.
300 3369 417 3418 modurn
438 3374 571 3434 argentm
595 3366 662 3420 ibid.
705 3362 757 3434 lige
791 3362 963 3417 continuatos
1000 3364 1155 3418 consulatus
1192 3382 1246 3415 an·

127 3448 153 3488 o.
174 3435 218 3487 60.
250 3437 327 3486 dono
352 3435 475 3500 templis.
525 3433 661 3504 intelligas
704 3445 805 3486 norunt
826 3451 853 3503 p.
873 3452 902 3485 u.
918 3451 942 3485 c.
955 3433 1007 3486 726
1022 3445 1048 3487 et
1061 3433 1122 3485 727.
1165 3431 1246 3485 Prius

126 3502 242 3560 verbum
254 3503 459 3555 substantivum.
526 3517 531 3525 ’
624 3534 627 3539 -
705 3502 761 3555 iarn
783 3502 878 3555 consul
897 3502 985 3556 fuerat
1003 3523 1047 3556 an.
1064 3502 1125 3556 717.
1170 3499 1246 3554 Con·
1296 3510 1300 3517 '

107 3584 112 3591 ¹
160 3573 375 3625 udulssoentenr.
412 3570 459 3625 Sic
472 3569 533 3626 cod.
542 3569 605 3625 MS.
619 3590 664 3625 sex
707 3570 811 3624 solatus·
825 3587 874 3641 per
888 3571 979 3652 plures
993 3591 1079 3625 annos
1094 3569 1245 3626 continuati

162 3643 231 3695 iores
252 3639 327 3694 Anu.
347 3639 431 3697 libros
449 3641 611 3702 contirones
637 3651 665 3694 et
706 3639 797 3691 honor
811 3641 918 3707 nonnisi
935 3641 1102 3711 principibus
1121 3638 1244 3709 contigit.

127 3711 191 3765 inde
210 3718 273 3762 vett.
295 3709 356 3763 edd.
377 3719 407 3777 et
418 3727 505 3779 nuper
517 3707 664 3769 Bellienus,
706 3706 741 3761 132
749 3707 888 3777 Augustus
902 3707 1116 3779 τὸνἈγρίππαν
1125 3710 1153 3769 ἐς
1160 3704 1246 3779 ὑπερ-

127 3780 176 3854 qui
206 3788 296 3832 tamen
323 3797 386 3841 mox
410 3797 469 3831 eam
502 3778 665 3848 scripturam
706 3774 793 3848 βολὴν
808 3777 900 3848 ἐτίμα.
938 3777 993 3831 Dio
1006 3779 1048 3842 53,
1063 3782 1088 3833 1.
1294 3794 1307 3801 “

127 3848 220 3903 omisit
236 3846 364 3929 deditque
381 3847 411 3899 in
430 3845 488 3901 aliis
507 3847 574 3901 locis
593 3851 667 3899 udo-
754 3845 885 3914 defuncto
933 3847 1065 3900 Marcello
1111 3863 1250 3913 generum

127 3921 191 3974 lese.
229 3918 260 3969 ln
276 3926 442 3988 scripturam
453 3918 531 3969 adul.
546 3934 666 3970 consen·
708 3917 836 3981 sumpsit.
852 3914 969 3968 ‘luduin
989 3917 1108 3986 primum
1128 3915 1247 3970 Mareel-

126 3987 160 4040 tit
172 3985 233 4040 MS.
248 3985 324 4039 Flos.
338 3985 378 4040 lit.
394 3984 430 4041 ta
495 4003 550 4039 scr.
709 3986 753 4046 lo.
772 3982 900 4037 Octaviae
914 3987 1017 4039 sororis
1030 4005 1092 4040 suae
1103 3986 1177 4049 filio.
1188 3996 1246 4038 tau·
1346 4044 1349 4047 ,

48 4072 55 4086 ·
161 4055 395 4120 ignobilemloeu.
469 4053 581 4111 .Senec.
596 4073 667 4113 con·
709 4065 771 4109 tum
785 4053 1018 4123 quodpueritiarn
1032 4074 1155 4127 egresso,
1171 4053 1246 4107 dein·

126 4132 243 4176 trevere.
272 4123 305 4184 2.
331 4125 372 4177 12.
410 4132 476 4177 extr.
516 4124 668 4191 Vipsanius
710 4123 753 4188 de,
766 4122 920 4186 utisobiit‚
933 4122 1118 4197 M.Agrippae
1129 4134 1247 4208 nuptum

127 4191 257 4257 Αεΐῑρρα
265 4191 379 4260 fueret.
416 4192 548 4280 Vrbsunti
564 4210 667 4248 nomen
711 4191 800 4255 dedit,
824 4203 932 4255 exorata
951 4212 1061 4259 sorore,
1084 4205 1113 4249 ut
1130 4193 1182 4249 sibi
1197 4211 1248 4264 ge-

895 4462 906 4493 's
