2792 4642
1190 9 1240 62 Τ

212 200 287 271 50⁸
335 197 343 208 ¹
608 188 921 264 Annsmun
1127 181 1278 285 ἴῃς

211 353 350 443 egitque
361 345 458 417 Nero
472 359 587 437 grates
599 371 640 416 ea
654 370 759 416 musa
768 345 929 439 patribus
940 360 1047 440 atque
1061 370 1128 417 avo
1141 349 1254 419 laetas
1271 349 1336 420 in-

211 471 264 525 ter
279 448 500 521 audientium
514 450 749 532 adfectiones,
770 450 834 541 qni
846 449 980 522 retorti
990 451 1163 520 memoria
1171 448 1336 524 Germa-

210 555 283 625 niti
296 554 400 622 illum
411 551 539 643 aspici,
569 551 674 621 illum
686 551 803 620 audiri
813 551 999 622 rebantur:
1031 552 1250 646 aderantque
1271 556 1334 626 iu-

208 656 293 726 veni
305 654 476 728 modestia
490 654 655 722 acforma
670 653 831 744 principe
843 652 924 722 viro
938 653 1063 743 digna,
1078 654 1174 726 notis
1186 656 1229 724 in
1242 681 1353 728 eum·

209 758 331 831 Seiani
345 756 439 826 odiis
452 756 500 825 ob
514 755 714 848 periculum
725 754 890 844 gratiora.

309 919 409 993 m
433 918 510 992 Sub
533 920 628 989 idem
647 933 786 1011 tempus
806 920 850 989 de
869 919 1013 988 flamine
1026 916 1125 989 Diali
1143 921 1183 990 in
1201 921 1328 993 locum

208 1024 325 1098 Servii
352 1021 612 1113 Maluginensis
639 1022 798 1091 defuncti
826 1021 993 1114 legendo,
1030 1022 1138 1092 simul
1163 1027 1328 1114 roganda

209 1151 302 1198 nova
324 1126 399 1215 lege
417 1124 582 1194 disseruit
601 1120 742 1195 Caesar.
792 1147 875 1192 nam
900 1124 1067 1216 patricios
1084 1115 1328 1196 'confarreatis

207 1229 413 1324 parentibus
426 1226 563 1315 genitos
576 1239 647 1294 tres
662 1226 770 1295 simul
782 1225 982 1311 nominari,
1007 1250 1048 1294 ex
1061 1219 1251 1320 qnis'unus
1270 1229 1326 1297 le-

207 1345 348 1424 geretur
366 1341 504 1397 vetusto
518 1351 633 1396 more:
660 1351 776 1421 neque
790 1328 909 1396 adesse
925 1340 966 1396 ut
978 1327 1066 1396 olim
1080 1353 1157 1397 eam
1172 1330 1325 1422 copiam,

205 1434 333 1504 omissa
346 1429 593 1500 confarreandi
605 1429 838 1498 adsuetudine
849 1441 912 1500 aut
923 1429 1016 1498 inter
1027 1454 1157 1521 paucos
1169 1446 1323 1506 retenta.

203 1534 393 1628 pluresque
406 1532 480 1601 eius
495 1532 546 1600 rei
560 1555 680 1601 causas
692 1531 887 1602 adferebat:
908 1530 1128 1622 potissimam
1138 1557 1247 1624 penes
1260 1534 1323 1602 in-

205 1636 340 1705 curiam
355 1633 517 1703 virorum
529 1633 828 1726 feminarumque:
854 1634 1017 1701 accedere
1032 1646 1067 1702 et
1081 1634 1200 1726 ipsius·
1207 1637 1321 1705 caeri-

201 1735 344 1807 moniae
359 1736 599 1821 difficultates,
612 1759 702 1828 quae
715 1734 876 1804 consulto
890 1734 1106 1819 vitarentur,
1125 1751 1158 1805 et
1171 1741 1318 1829 quando

202 1839 314 1920 eriret
331 1862 350 1908 e
372 1838 449 1907 iure
468 1837 602 1930 patrio,
627 1840 690 1930 qui
706 1836 743 1904 id
756 1835 957 1906 flaminium
971 1836 1184 1928 apisceretur
1208 1864 1319 1933 quae-

201 1965 271 2035 que
293 1931 332 2009 in
351 1964 498 2009 manum
517 1937 672 2008 flaminis
690 1938 907 2009 conveniret.
959 1937 1009 2007 ita
1027 1940 1245 2010 medendum
1260 1965 1317 2011 se-

200 2058 305 2113 natus
318 2043 457 2111 decreto
471 2055 532 2111 aut
544 2040 638 2129 lege,
652 2038 759 2109 'sicut
770 2034 951 2128 Augustus
970 2042 1144 2133 quaedam
1164 2066 1207 2111 ex
1227 2039 1316 2113 hor-

198 2146 278 2216 rida
297 2145 359 2211 illa
377 2142 585 2233 antiquitate
600 2142 646 2209 ad
665 2153 884 2231 praesentem
904 2165 1010 2210 usum
1029 2142 1191 2217 flexisset.
1241 2143 1315 2235 Igi.

174 2317 180 2324 ,
198 2261 259 2317 tur
272 2243 426 2316 tractatis
438 2241 672 2332 religionibus
686 2242 858 2333 placitum
869 2242 1032 2315 instituto
1051 2244 1238 2316 flaminum
1256 2248 1314 2316 ni·
1378 2281 1379 2284 ¹

196 2504 305 2559 Netosse
328 2512 415 2575 gret&
441 2511 536 2573 agente
561 2501 682 2574 patribus
707 2510 734 2554 et
775 2504 932 2561 Scheitner.
956 2511 992 2560 de
1019 2509 1090 2575 legg.
1114 2509 1198 2565 Rom.
1224 2513 1312 2580 regis&

197 2594 250 2629 avo
266 2574 301 2626 ob
316 2572 445 2641 templum
463 2582 636 2624 exstructum.
673 2573 733 2625 Mi·
776 2594 803 2646 p.
817 2579 843 2630 4.
873 2574 1096 2631 Prodiitlibellus
1110 2577 1220 2635 Erfurd.
1235 2583 1310 2639 1824„

196 2663 269 2697 rum.
307 2642 362 2693 lam
374 2660 439 2694 vero
454 2647 580 2700 statuere
593 2652 632 2694 est
644 2640 733 2694 infini-

197 2715 282 2779 tivus,
303 2710 350 2782 qui
365 2708 463 2780 pendet
476 2728 491 2761 e
500 2709 684 2775 permensum,
703 2719 733 2762 ut

197 2782 231 2836 sit
278 2799 308 2833 0²
325 2785 537 2831 mmmm·
573 2777 732 2860 5⁰N⁰⁸stf
774 2813 891 2866 sessione
915 2764 964 2867 vel
981 2822 1110 2883 potestate
1136 2817 1238 2889 aliquid
1259 2832 1307 2876 est.

196 2850 226 2904 ln
262 2868 329 2902 “¹¹¹-
344 2846 403 2900 ω·
423 2847 554 2899 emtum
567 2864 731 2914 ''equum‘'
764 2880 810 2936 es.
839 2880 924 2935 Ovid.
950 2880 1021 2935 Fast·
1053 2886 1076 2947 l,
1102 2884 1159 2937 119.
1197 2881 1316 2946 Terent..

197 2921 378 2970 madvertere
398 2932 494 2999 ,ΜΨ
506 2915 619 2997 ,ΨΜ
642 2933 732 2998 '¹⁶9⁰‘
773 2950 870 3005 Heo4
895 2954 918 3009 1,
930 2951 972 3002 20.
999 2950 1057 3005 cic.
1073 2954 1101 3007 in
1117 2952 1195 3010 Orat.
1208 2977 1234 3012 c.
1249 2958 1305 3012 142

194 2988 345 3038 WW‘F‘
355 2988 466 3052 ‘lum'
477 2999 533 3036 '¹¹⁸⁸
542 2987 731 3037 ‘Mamm
775 2991 879 3088 Quare,
893 3019 1004 3073 Tacitus
1028 3020 1117 3075 llillo'
1133 3025 1306 3096 vituperetur,

193 3054 374 3123 permissum.
409 3052 462 3105 An.
485 3054 508 3114 1,
526 3050 569 3104 72
590 3069 680 3122 neque
702 3054 731 3105 iu

195 3120 630 3187 “mmm'i’stp‘mfflt‘
661 3121 731 3243 Hm:
772 3157 865 3211 babitu
888 3157 1004 3223 morali.⁴
1060 3160 1189 3231 espondet
1206 3155 1304 3219 Buble:

771 3223 906 3290 „Habitus
927 3226 1036 3279 moralis
1054 3232 1184 3300 supponit
1202 3251 1304 3304 semper

771 3313 930 3378 personam,
948 3297 992 3347 cui
1002 3295 1152 3360 inhaereat,
1169 3310 1201 3352 ut
1216 3319 1304 3369 penes

770 3365 911 3415 susurrum
937 3366 1061 3416 utrorum
1076 3366 1303 3440 fortuitorumque

770 3431 806 3485 sit
830 3450 899 3503 pro:
925 3449 1013 3500 penes
1032 3436 1108 3488 utros
1124 3436 1301 3510 semitasque

735 3533 739 3552 .
770 3500 963 3555 iereurrbsos.'’

806 2692 893 2742 penes
916 2677 1064 2727 tamam.
1112 2677 1203 2736 Penes
1227 2682 1309 2753 vulgo
1350 2710 1354 2718 ·

774 2744 890 2800 refertur
901 2744 935 2797 ad
966 2763 1100 2812 ersonam,
1117 2749 1145 2800 in
1158 2750 1236 2804 cuins
1249 2769 1309 2823 pos.

774 3089 848 3159 qnod
861 3103 949 3156 penes
967 3092 1135 3211 usnrppvecit
1154 3093 1187 3146 de
1206 3114 1251 3158 re,
1273 3096 1305 3151 de

195 3190 278 3254 ω.
296 3190 364 3254 rapi
374 3191 541 3256 psmsisere.
581 3188 722 3254 Amssd

230 3259 368 3311 missum
398 3266 529 3326 vastare,
567 3275 649 3311 urere
678 3270 729 3318 etc„

193 3279 304 3381 {loco
315 3345 340 3380 c.
353 3326 396 3379 55.
410 3327 473 3379 satis
488 3326 646 3396 intelligitur
662 3327 728 3380 illud

194 3395 328 3467 templum
350 3413 409 3447 non
433 3395 523 3449 statim
548 3414 605 3450 esse
624 3407 730 3450 exstru-

195 3475 337 3613 cmezllque·
355 3531 432 3586 Nero
453 3540 551 3597 grates
575 3551 610 3586 ea
633 3551 728 3587 causo.

113 3630 117 3642 ·
194 3602 240 3658 Se.
263 3619 373 3654 nomme
396 3599 505 3654 urbium
528 3610 559 3654 ut
582 3602 729 3656 earundem
805 3602 1075 3667 accedere‘etrbsr'us.
1095 3601 1298 3664 EddBendls.

194 3684 334 3747 patronus.
360 3666 404 3720 Nil
415 3666 497 3738 igitur
509 3686 577 3739 opus
590 3680 630 3722 est
643 3681 729 3724 trans·
759 3668 891 3723 'Rhenan
905 3689 935 3741 sq
959 3672 1217 3740 accedet-espeisse
1234 3677 1298 3731 cod,

215 3739 328 3794 ositione
341 3735 485 3800 Paschalii,
529 3737 558 3789 ui
577 3737 619 3790 bis
639 3740 730 3794 verbis
770 3739 832 3792 MS.
854 3748 914 3791 test.
936 3688 989 3791 iac.
1011 3736 1137 3795 Gronov.
1159 3750 1299 3800 mederet

193 3761 286 3866 locum:
299 3806 420 3878 adsignat
431 3804 460 3856 in
476 3756 540 3861 ol.
561 3816 623 3878 post
640 3808 730 3877 fidem
771 3808 872 3887 ψείᾳε,
901 3808 972 3860 unde
990 3806 1042 3861 lac.
1061 3806 1218 3866 Gronovius
1235 3814 1299 3870 bene

193 3879 325 3945 dempsit.
770 3876 887 3931 coniecit
900 3873 1043 3946 legendnm
1058 3897 1113 3932 esse
1128 3885 1259 3936 accedere
1272 3893 1298 3937 et
1324 3897 1329 3910 ·

228 3947 298 4000 Car.
321 3944 362 3997 16.
398 3941 492 3996 Servii
514 3941 726 4010 Maluginensis.
759 3945 865 4012 ,ι’ρειύε.
900 3943 1006 3997 Etenim
1020 3947 1184 4016 respondent
1198 3950 1298 4008 sibiin.

194 4013 231 4071 ct.
244 4014 268 4074 8,
282 4014 315 4065 68
328 4022 354 4066 et
366 4013 410 4065 71.
768 4012 871 4067 ricem:
889 4020 917 4064 et
929 4013 1018 4079 ipsius
1034 4040 1069 4055 -·
1086 4025 1114 4068 et
1126 4023 1240 4084 quando
1252 4043 1299 4066 -·

193 4079 726 4218 :necesssnnsr
766 4080 1043 4217 nnn:
1069 4086 1212 4206 pn:
1244 4064 1300 4146 ‘⁸³

304 4169 356 4203 one
405 4187 412 4203 .
541 4186 548 4200 .
618 4186 666 4205 ..
715 4188 723 4205 .
996 4169 1078 4207 nne:
1100 4171 1218 4211 canum.
