2792 4642
195 223 271 298 aaa
489 309 496 323 ‚
600 157 914 292 ausanium
1076 212 1268 314 aaut

197 380 236 450 in
251 372 532 448 carcercmlilius
550 343 817 447 imminentium
837 363 1055 465 intelligens,
1077 377 1198 468 puella
1218 378 1324 448 adeo

195 479 329 562 nescia,
354 490 396 547 ut
408 476 531 548 erebro
547 476 798 566 interrogaret,
823 478 921 571 qnod
933 477 1164 556 obdelictnm
1182 493 1218 550 et
1236 506 1323 574 quo

195 577 417 653 traheretur?
458 602 573 672 neque
594 581 767 650 faunam
787 580 898 651 ultra:
932 593 967 652 et
986 603 1088 672 posse
1116 604 1154 652 se
1174 584 1322 673 puerili

192 683 338 754 verbere
361 680 512 754 moneri.
563 679 729 758 Tradunt
746 682 917 774 temporis
932 682 1007 766 eius
1021 693 1200 769 auctores,
1222 686 1322 778 quia
1358 715 1382 752 κ

192 784 407 857 triumvirali
420 782 595 875 supplicio
616 781 720 856 adlici
733 783 908 874 virginem
928 784 1130 858 inauditnm
1150 780 1320 856 haheba-

166 957 168 974 ,
192 902 270 973 tur,
289 911 313 958 a
335 886 497 962 carnifice
512 886 680 981 laqueum
691 886 791 958 iuxta
802 910 1053 979 compressam:
1078 888 1159 957 exin
1182 889 1318 958 oblisis
1381 951 1382 958 ,

191 991 353 1062 faucibus
366 989 405 1060 id
421 988 544 1061 aetatis
557 1011 706 1079 corpora
721 986 972 1060 in'Gemonias
986 988 1131 1063 abiecta.

292 1108 337 1182 X.
370 1103 439 1177 Per
461 1107 556 1175 idem
569 1120 709 1198 tempus
729 1103 816 1176 Asia
836 1120 941 1201 atquc
963 1100 1099 1176 Achaia
1114 1107 1317 1176 ,exterritae

191 1225 274 1284 sunt
294 1211 366 1279 acri
383 1209 499 1298 vmagis
517 1233 625 1301 quam
647 1209 818 1278 diuturno
841 1229 1001 1294 rumore,
1033 1206 1191 1278 Drusum
1210 1206 1314 1279 Ger-

100 1389 102 1396 ,
189 1313 320 1383 manici
339 1311 452 1382 lilium
473 1312 567 1403 apud
581 1309 753 1405 Cycladas
771 1304 931 1412 insulan*
947 1335 1030 1380 mox
1050 1311 1314 1383 incontinenti

188 1417 315 1488 visum.
367 1427 401 1483 ct
414 1427 488 1483 crat
507 1413 645 1482 iuvenis
659 1407 768 1483 haud
786 1413 921 1510 dispari
942 1428 1070 1498 aetate,
1091 1414 1311 1506 quibusdam

189 1515 346 1587 Caesaris
367 1509 504 1584 libertis
526 1516 624 1585 velut
643 1508 783 1604 agnitus
805 1539 869 1608 per
887 1516 1081 1608 dolumque
1103 1515 1311 1585 comitanti-

218 1806 316 1872 puella
326 1807 399 1856 adeo
412 1805 516 1858 uetera.
551 1802 607 1856 Dio
625 1804 721 1866 58,11.
750 1793 791 1858 ¹li.
810 1824 835 1857 e.
861 1819 919 1856 non
941 1799 1306 1880 qualemcunquescrprimit

186 1875 298 1930 teitatur
316 1872 386 1926 lianc
400 1873 514 1927 eandem
527 1871 624 1933 fuisse,
642 1889 723 1942 quam
765 1872 935 1943 opinionem,
959 1871 1006 1925 sed
1025 1881 1127 1926 certem
1145 1874 1306 1943 persuasio-

186 1951 248 1998 aute
272 1942 400 1998 undecim
424 1949 512 1998 annos
535 1941 592 1995 filio
616 1940 723 1997 Claudii
764 1961 827 1998 nem
854 1939 910 1995 sive
933 1939 1062 2008 habitum«
1079 1941 1247 1997 animorum.
1267 1976 1307 1988 -

185 2012 365 2082 desponderat
384 2010 520 2064 Tiberius.
551 2009 588 2064 cf.
604 1999 723 2080 suprad,
764 2010 836 2064 Cum
855 2007 960 2088 Ryclrio
985 2027 1083 2061 censeo
1108 2009 1153 2063 hie
1172 2011 1195 2066 Α
1216 2010 1310 2094 icataq

184 2082 228 2133 29.
270 2081 327 2134 lam
348 2099 410 2132 vero
431 2078 537 2149 Ryclrio
557 2078 657 2130 mirum
678 2079 722 2132 vi·
762 2079 816 2133 fata
828 2077 951 2149 periisse,
970 2077 1003 2129 de
1015 2078 1113 2148 quibus
1124 2080 1178 2132 rid.
1189 2030 1246 2132 lito
1260 2080 1305 2141 58,

185 2149 278 2210 detur,
296 2149 318 2202 si
331 2148 497 2200 lueritadeo
510 2148 604 2199 nescia
618 2164 722 2199 annum
766 2150 808 2200 11.
844 2144 915 2199 Nam
933 2163 1002 2216 quae
1020 2143 1160 2217 supr.4‚8
1179 2149 1221 2215 (ut
1239 2161 1304 2201 octo

184 2217 275 2271 aetatis
293 2215 487 2270 duodecimum
505 2225 564 2268 tum
582 2213 622 2268 ad
636 2214 721 2268 mini·
760 2224 930 2284 postponas
946 2217 1089 2282 cognitum
1104 2219 1156 2285 est)
1174 2227 1201 2270 et
1219 2231 1245 2271 c.
1259 2221 1303 2272 11.

121 2335 124 2340 ⁴
183 2303 261 2337 mum
281 2302 373 2355 agens.
424 2282 495 2336 Sunt
515 2294 606 2336 tamen
620 2283 721 2343 ⁴verba,
764 2288 848 2352 (ardo
864 2320 872 2335 .
887 2321 894 2337 .
908 2320 915 2334 .
930 2283 1092 2353 patefactus
1109 2288 1162 2354 est)
1182 2286 1304 2341 breviter

184 2371 252 2423 quae
279 2350 383 2422 puellae
407 2350 601 2405 duodecimum
627 2351 720 2408 aetatis
763 2350 929 2424 significavit,
945 2351 1016 2407 haud
1029 2352 1109 2407 dubio
1117 2354 1238 2425 amplius
1252 2356 1301 2409 de-

182 2439 285 2474 annum
303 2419 393 2490 agenti
412 2428 439 2472 et
455 2414 591 2484 carnificis
610 2431 720 2491 aspectu
763 2421 879 2480 buithic
892 2440 1032 2493 exponere.
1089 2457 1092 2468 ι
1162 2423 1169 2440 ““

182 2488 292 2543 territae
325 2488 389 2544 satis
417 2488 592 2545 conveniant.
644 2489 721 2543 Licet
772 2493 774 2496 ’
798 2491 869 2546 can.
887 2492 945 2547 10..
975 2490 1107 2546 Drusum
1136 2491 1303 2547 Germanici

182 2557 263 2612 etiam
285 2556 416 2628 suspicari
435 2558 506 2611 lianc
529 2556 721 2612 narratiuncu-
754 2562 861 2631 filium.
914 2558 970 2627 Qui
994 2569 1052 2611 turn
1077 2560 1106 2613 in
1128 2561 1182 2615 ima
1207 2561 1299 2634 palatii

181 2629 249 2690 lam,
273 2626 377 2687 utilit,
401 2626 561 2680 credulitate
582 2636 669 2680 ortam
693 2638 721 2682 et
762 2639 837 2703 parte
849 2628 1060 2683 custodiebatur.
1095 2630 1132 2684 cf.
1146 2629 1222 2686 Suet.
1238 2631 1297 2688 Tit.
1381 2661 1382 2672 ¹

183 2697 337 2750 ornamenti
363 2688 444 2749 ciusa
467 2695 596 2750 additam.
644 2694 720 2750 Talia
763 2718 787 2753 c.
801 2699 844 2751 54.
908 2736 912 2741 -

181 2763 255 2826 enim
267 2765 362 2818 nonin
372 2763 601 2818 actareferuntur.
624 2764 720 2818 Hausit
795 2769 882 2820 velut·
895 2765 1017 2832 agnitus.
1063 2766 1203 2823 Ernestius
1228 2788 1295 2824 con·

180 2832 247 2887 baec
258 2833 366 2890 Tacitus
380 2852 394 2884 e
408 2833 540 2915 scriptore
560 2832 654 2902 aliquo
673 2832 720 2890 vel
759 2836 921 2891 iectaverat:
940 2837 1018 2888 velut
1030 2839 1169 2902 agnitum,
1186 2848 1217 2906 ut
1229 2858 1295 2909 pen·

182 2920 196 2952 e
212 2902 415 2955 commentariis
428 2902 539 2973 privatis
554 2900 626 2954 illius
644 2912 718 2955 aeta·
761 2905 867 2958 darete
884 2904 1092 2959 comitantibus.
1127 2907 1197 2961 Nam
1217 2907 1294 2961 intel-

180 2968 238 3022 tis.·
259 2971 334 3024 Licet
353 2970 433 3023 etiam
450 2970 580 3042 suspicari
598 2970 719 3024 Diouem
761 2969 859 3043 ligere,
877 2976 1161 3040 uelutagnitusesset
1172 2997 1192 3030 a
1204 2995 1250 3040 sa,
1267 2977 1295 3030 in
1320 3027 1322 3034 .

180 3035 200 3090 l.
215 3037 233 3089 l.
249 3058 350 3093 errasse
363 3048 390 3090 et
404 3039 540 3092 minorem
556 3038 640 3092 filiam
660 3058 717 3093 esse
760 3043 814 3095 hoc
838 3040 928 3113 positu
954 3041 1053 3096 durum
1074 3044 1124 3114 ipsi
1144 3045 1294 3100 videbatur.

180 3105 414 3189 intelligendam..
657 3154 659 3156 ,
759 3108 871 3165 Durum
884 3129 963 3163 saner
976 3112 1022 3164 sed
1035 3112 1096 3183 quis
1109 3115 1219 3175 tandem
1231 3114 1295 3169 haec
1381 3131 1382 3134 ’

214 3177 526 3243 quta...inauditum
548 3178 715 3231 habebatur.
759 3180 795 3233 ita
819 3179 975 3250 supplebit?
1017 3179 1182 3246 Oberlinus,
1210 3202 1293 3256 quum

179 3242 222 3296 De
235 3244 329 3297 eadem
342 3263 373 3297 re
385 3243 461 3298 Suet.
474 3245 535 3298 Tib.
552 3264 577 3299 c.
589 3246 631 3299 61.
649 3247 716 3314 quia
758 3246 968 3319 L'ampugnanus
986 3266 1000 3300 e
1021 3250 1083 3304 cod.
1104 3251 1224 3306 Mirand.
1245 3270 1293 3305 suo

179 3329 260 3365 more
273 3316 380 3365 tradito
398 3314 483 3382 nefas
500 3324 574 3368 esset
592 3318 717 3381 uirgines
735 3327 739 3332 '
758 3319 886 3384 agnitum
913 3318 1082 3387 protulisset,
1114 3338 1214 3392 magno
1243 3321 1289 3374 ed-

178 3383 362 3447 strangulari.
405 3383 458 3435 Dio
478 3383 519 3443 58,
540 3385 581 3437 11.
606 3379 644 3444 alc
663 3382 715 3454 οὐχ
757 3387 852 3458 plausu
868 3385 985 3439 linestii
1010 3390 1226 3443 emendationem
1248 3408 1290 3442 cr-

178 3447 258 3504 iiarov
272 3445 320 3518 ὅν,
343 3454 587 3524 παρθενευομένην
603 3451 665 3507 τινὰ
684 3454 716 3508 ἐν
757 3455 844 3527 cepit,
871 3473 960 3525 neque
983 3466 1074 3509 tamen
1101 3459 1214 3529 recepit.
1262 3458 1291 3512 ld
1328 3510 1332 3522 ,

177 3522 216 3589 τῷ
234 3519 414 3603 δεσμωτηρίῳ
431 3519 597 3576 ἀπολέσθαι.
631 3521 729 3604 ,ΙΙμὰΨ
756 3534 848 3596 postea
863 3522 990 3578 lecerunt
999 3524 1146 3595 Rupertius
1161 3537 1189 3581 et
1201 3525 1291 3609 [11ης-

177 3599 354 3659 cognoscitur
367 3590 536 3647 triumvirale
550 3590 715 3664 supplicium
756 3611 881 3650 mannus.
916 3592 970 3645 Sed
982 3595 1072 3648 turbat
1157 3587 1289 3665 laquem

176 3656 290 3727 intelligi
304 3659 541 3728 strangulationem
555 3679 668 3731 eamque
683 3660 713 3713 in
756 3663 916 3730 dolumque.
941 3661 1132 3851 Juidigitur.
1159 3664 1234 3719 Num
1248 3665 1288 3718 de·
1381 3665 1382 3674 ’

176 3744 287 3780 carcere
309 3725 367 3779 lieri
393 3728 509 3782 solitam.
564 3722 714 3795 Virgzlrenr
755 3730 872 3783 lebimus
886 3749 1012 3802 capuam
1025 3733 1287 3853 puecumMureto?

176 3794 281 3865 Lipsius
295 3813 351 3846 non
365 3793 522 3867 simpliciter
537 3797 713 3869 accipit,'sed
755 3819 790 3852 an
808 3803 873 3851 cuin
887 3799 939 3852 elci
959 3800 1012 3853 alio
1043 3821 1151 3883 egemus
1169 3803 1287 3856 wmita·
1381 3847 1382 3862 ,

175 3864 316 3935 impubem
350 3862 546 3937 investemque.
609 3865 713 3921 Contra
756 3870 821 3920 tus?
852 3867 991 3922 Traditum
1010 3880 1101 3936 potius
1118 3885 1231 3943 earnque
1244 3890 1287 3925 sa·

176 3932 271 3985 dicunt
285 3932 345 3987 loca
357 3952 372 3986 e
383 3933 457 4000 Soet.
473 3946 499 3988 et
510 3934 603 3990 Dione
615 3934 711 3989 adlata.
755 3956 816 3990 nam
827 3936 988 4006 scripturam
1000 3938 1187 3994 retinebimus.
1205 3942 1285 4009 Agni-

175 4000 241 4051 Sine
258 4000 313 4053 ulla
331 4002 502 4057 restrictione
520 4003 572 4066 ihi,
590 4013 620 4055 ut
638 4003 712 4075 apud
754 4015 801 4059 tus
812 4005 912 4075 pendet
925 4024 940 4059 e
955 4005 1065 4080 tituenus
1080 4009 1222 4080 poscitque
1240 4011 1283 4063 da·

174 4066 318 4130 Nostrum,
343 4081 406 4122 sunt
426 4072 559 4125 vocabula
580 4073 711 4138 origines,
754 4074 840 4129 tivum
864 4076 1032 4142 quibusdam
1056 4079 1168 4131 libertis.
1217 4077 1284 4133 Dein

120 4145 122 4155 ’
172 4152 214 4186 πα
231 4140 330 4190 ususve
353 4140 409 4205 ἔνη.
420 4138 547 4193 Ceterum
555 4142 712 4193 habebatur
740 4142 876 4205 Tacitus,
908 4142 949 4197 uti
976 4144 1061 4208 solet,
1088 4164 1136 4216 per
1161 4148 1282 4217 copulam

172 4211 202 4254 ut
213 4151 240 4263 g,
252 4200 296 4255 65.
332 4206 395 4266 ,ts
410 4216 435 4260 et
452 4207 516 4261 alibi
528 4219 567 4265 est
579 4227 632 4282 pro
644 4221 711 4288 erat
753 4211 893 4282 coniungit
902 4212 1048 4274 ablativum
1062 4214 1215 4269 absolutum
1222 4234 1281 4271 cum

458 4343 464 4377 ἣ
493 4323 500 4330 ,
