2792 4642
1097 169 1130 214 Α.
1138 165 1173 214 ll.
1187 167 1240 218 ms

1097 220 1130 267 A.
1144 221 1174 267 0.
1201 223 1240 267 tt.

182 175 255 252 reo
545 167 547 176 ·
579 169 890 264 usnemun
921 265 924 268 ¹

179 332 282 405 laevo
305 327 426 415 amne,
464 341 690 424 erratumque
718 328 759 397 in
784 353 847 414 eo,
886 330 984 421 quod
1010 351 1087 400 nou
1116 331 1297 407 subvexit.

119 419 395 526 eitransposuit
413 430 564 502 militem
584 429 724 501 dextras
743 430 784 497 in
798 445 909 501 terras
925 431 1076 500 iturum:
1108 433 1159 502 ita
1171 434 1298 525 plures

181 537 258 608 dies
271 534 465 605 efficiendis
479 533 649 627 pontibus
664 533 853 625 absumpti.
902 528 953 602 Et
967 556 1072 626 eques
1087 536 1234 628 quidem
1253 560 1298 606 ac

81 717 85 726 ,
180 638 339 728 legiones
350 634 467 727 prima
479 634 651 706 aestuaria
664 636 828 713 nondum
840 633 1059 705 adcrescente
1072 638 1169 707 unda
1180 638 1299 708 intre-

179 739 262 835 pidi
274 737 462 810 transiere:
493 752 715 832 postremum
727 737 944 808 auxiliorum
956 759 1083 826 agmen
1096 736 1297 836 Batavique

179 952 231 1008 leis
248 949 283 1006 ad
302 948 330 1005 b.
343 947 364 1003 l.
398 949 434 1003 Ar
452 965 545 1002 nonne
564 947 650 1003 amuis
671 945 717 1001 ad·
758 945 826 1002 nibil
851 946 930 1001 locus
954 944 1073 1012 laborat,
1103 947 1156 1002 nisi
1174 949 1297 1005 brevilo-

180 1019 302 1078 ventanti
330 1017 407 1074 classi
432 1028 491 1071 tum
517 1016 596 1071 etiarn
624 1015 718 1071 laevus
758 1016 876 1089 quentia.
917 1014 983 1068 Post
1002 1017 1134 1070 subvexit
1154 1029 1298 1089 exspectas,
1372 1061 1374 1064 .

179 1090 247 1151 luit,
279 1088 302 1143 si
319 1086 481 1159 adpulerunt
499 1085 533 1138 ad
551 1084 659 1144 citerius
679 1083 717 1140 la·
759 1084 921 1156 scriptorem
942 1083 1113 1139 redditurum
1135 1106 1192 1140 esse
1209 1087 1299 1167 ratio·

181 1160 247 1215 tusi
287 1155 357 1211 Nam
384 1153 429 1208 tac
456 1172 536 1206 naves
559 1152 718 1216 constitisse,
759 1173 840 1217 nem,
872 1172 923 1208 cur
947 1164 1070 1207 erratum
1099 1174 1156 1208 esse
1185 1156 1295 1224 dixerrt.

179 1227 228 1282 ubi
243 1245 317 1281 nuuc
330 1235 369 1278 est
381 1222 508 1292 Deiszyl,
525 1231 585 1275 tum
600 1222 656 1275 siue
669 1221 718 1274 du.
760 1221 870 1276 Omittit
885 1230 976 1276 tamen
994 1241 1072 1277 more
1085 1241 1134 1278 suo
1148 1222 1218 1277 banc
1230 1242 1297 1295 pro·

181 1296 228 1352 bio
244 1290 487 1352 oramciteriorem
503 1287 719 1344 babueruntdex·
760 1291 910 1353 lusionem,
944 1290 1083 1366 pergitque
1105 1291 1133 1345 in
1153 1293 1235 1345 rebus
1255 1292 1297 1346 di-

180 1374 268 1425 uam,
290 1379 398 1416 amnem
419 1360 532 1412 laevum.
575 1358 657 1412 Vides
679 1358 720 1412 sic
760 1359 868 1426 undis,
897 1376 967 1429 quse
982 1358 1125 1430 comment
1145 1361 1197 1414 sicr
1224 1363 1297 1441 lion
1386 1359 1387 1382 ¹

182 1434 294 1488 nimiam
304 1449 360 1484 esse
368 1427 440 1483 ambi
460 1426 569 1482 uitatem
579 1426 718 1509 opinandi.
759 1428 904 1489 subvemt,
933 1426 979 1482 sed
1003 1428 1114 1483 classem
1135 1428 1244 1500 reliquit
1265 1431 1297 1484 iu
1386 1469 1387 1494 ,

180 1501 231 1556 Sin
244 1517 307 1552 vero
328 1495 415 1551 amnis
436 1448 535 1548 bremis
553 1497 652 1550 dicttur
669 1513 725 1547 re·-
760 1496 883 1551 statione.
919 1496 976 1550 lam
988 1498 1139 1566 quaeritur,
1154 1499 1297 1568 quomodo
1386 1525 1387 1580 ἐ

180 1578 275 1642 spectu
303 1566 346 1620 eui
374 1565 471 1636 ipsius,
509 1567 606 1618 laeuus
630 1562 718 1618 amuis
759 1566 837 1621 miles
863 1565 966 1619 dextras
989 1566 1018 1617 in
1040 1576 1123 1619 terras
1150 1566 1236 1621 iturus
1261 1586 1297 1621 eo
1386 1591 1387 1596 ¹

180 1655 237 1693 non
252 1643 343 1707 potest
358 1652 414 1688 esse
436 1632 489 1686 nisi
507 1633 614 1687 laevum
630 1633 718 1685 amnis
759 1635 923 1706 pervenerit.
981 1632 1136 1705 Respondet
1178 1647 1296 1690 auctor:
1385 1667 1388 1685 2

126 1755 129 1764 ,
180 1706 265 1769 latus,
282 1702 356 1774 quod
370 1702 518 1774 opponitur
535 1703 636 1755 dextro.
672 1700 720 1754 Sic
761 1704 938 1776 transposuit
957 1703 1075 1755 militem
1103 1714 1157 1760 etc.
1208 1704 1296 1773 Igitur
1386 1715 1387 1780 J

180 1774 262 1844 vulgo
282 1772 420 1843 loquimur
434 1770 469 1823 de
486 1770 582 1824 dextris
597 1781 622 1823 et
636 1768 719 1823 laevis
759 1771 932 1843 transpositio
951 1772 1098 1843 opponitur
1115 1773 1298 1837 subvectioni,
1386 1831 1387 1852 Χ

179 1843 330 1899 fluviorum
345 1842 420 1911 ripis.
456 1837 527 1892 Tum
541 1840 651 1893 classem
672 1840 719 1892 iu·
760 1851 786 1894 et
817 1839 914 1895 ceteris
944 1841 1096 1894 vocabulis¹
1117 1843 1297 1914 praeponitur
1386 1863 1387 1874 ³

180 1912 284 1982 telligas
303 1910 476 1964 constitutam
495 1910 524 1963 in
546 1909 627 1962 latere
647 1908 718 1960 occi·

181 1980 281 2036 dentali
301 1977 358 2033 eius
379 1976 470 2037 sinus,
495 1975 524 2029 in
540 1996 620 2048 quem
633 1976 717 2028 effun-

182 2050 256 2104 ditur
274 2046 391 2109 Amisis,
415 2047 461 2098 ubi
481 2065 556 2099 nunc
574 2056 614 2098 est
631 2043 718 2113 Deis·

180 2122 241 2189 ηις
270 2134 366 2173 vocem
390 2114 516 2168 Ambus
543 2113 657 2183 accipias
682 2112 716 2164 de

181 2188 244 2242 loco
257 2184 386 2245 stationis,
400 2181 500 2252 oppido
512 2183 637 2241 sntvico,
651 2200 715 2235 con·

179 2266 221 2310 tra
236 2253 367 2307 Amisiam
379 2251 532 2311 civitatem,
548 2268 619 2331 quae
637 2248 717 2302 bodie

181 2335 235 2383 est,
254 2322 316 2376 sito.
352 2318 429 2371 Hanc
443 2318 645 2389 explicationem
668 2317 722 2370 de-'

180 2392 280 2446 derunt
292 2388 421 2441 Mannert
436 2387 475 2453 (in
484 2386 583 2452 Geogr.
593 2391 659 2439 Ant.
667 2385 716 2439 ΙΙΙ.

181 2477 210 2533 p.
227 2459 302 2528 104).
320 2455 461 2509 Wilbelnr
477 2457 578 2522 (Ueber
592 2456 717 2508 Germa·

178 2530 257 2583 trien.
285 2524 418 2579 Weimar
438 2524 530 2593 1823),
562 2523 714 2591 Cluverius,

112 2615 115 2624 ¹
180 2594 397 2654 Freinshemius,
437 2591 575 2647 &sestius
606 2592 715 2662 abique.

179 2667 275 2738 Neque
289 2663 408 2725 dubites,
427 2663 476 2715 bos
492 2681 587 2715 rerum
605 2660 714 2717 vidisse.

183 2736 254 2791 Nam
268 2742 358 2805 aperte
370 2736 468 2785 laeuus
483 2733 580 2785 omnis
597 2739 622 2783 et
639 2733 716 2782 dex·

182 2816 247 2861 trae
263 2817 360 2855 terrae
374 2799 419 2854 bic
431 2800 548 2857 invicem
561 2798 613 2852 sibi
626 2816 717 2870 oppo-

180 2884 292 2930 nuntur.
341 2869 474 2922 Dextrae
506 2879 595 2921 autem
622 2877 717 2919 terrae

180 2961 239 2998 non
258 2947 371 3011 possunt
390 2936 501 3005 intelligi
520 2936 572 2991 nisi
586 2948 671 2989 terrae
686 2934 716 2987 iu

148 3031 151 3036 ’
183 3012 273 3065 dextra
298 3004 416 3071 Amisiae
441 3005 499 3075 ripa
525 3004 621 3060 obviae
645 3006 717 3056 inter

180 3074 313 3150 Amisiam
327 3084 352 3126 et
360 3072 512 3143 Visurgim,
526 3075 554 3126 iu
568 3092 634 3145 quas
646 3072 716 3125 itum

182 3166 239 3202 esse
250 3151 355 3199 constat
368 3162 383 3195 e
397 3142 579 3211 sequentibus.

217 3221 401 3280 erratumque
425 3211 454 3262 in
482 3228 529 3274 eo,
559 3212 635 3279 qumi
657 3225 716 3261 non

179 3282 321 3339 subvexit.
363 3279 408 3333 Sc.
429 3279 500 3333 intia
518 3278 640 3333 fluminis
667 3295 716 3329 ora

180 3370 266 3423 usque
280 3348 314 3402 ad
328 3367 390 3403 eum
402 3348 509 3413 locum,
533 3348 580 3402 ubi
601 3345 716 3400 militem

181 3443 197 3477 e
215 3417 329 3477 navibus
347 3418 376 3470 in
394 3418 511 3471 dextram
528 3416 614 3470 amnis
627 3416 717 3487 ripam

181 3496 334 3561 exponeret.
375 3485 449 3539 Turn
469 3487 592 3541 evitasset
610 3484 715 3537 incom-

181 3558 263 3614 moda
273 3569 335 3609 curn
345 3564 386 3608 tra
438 3555 552 3607 ositioue
561 3554 715 3607 coniuncta.

181 3626 356 3684 Subuebere,
381 3622 434 3678 ἀνα
455 3640 510 3689 ειν,
536 3623 646 3676 adverso
658 3620 716 3673 ttu-

182 3697 257 3752 mine
275 3692 382 3748 vehere.
418 3645 455 3748 ci.
470 3692 535 3744 infr.
549 3711 573 3744 c.
586 3692 630 3743 60.
651 3691 716 3742 Nilo

181 3763 394 3820 subtrahebatur.
429 3760 542 3814 sueton.
559 3759 618 3813 Cal.
632 3778 660 3812 c.
670 3758 718 3813 15:
747 3781 754 3788 ·

181 3838 250 3888 inde
269 3829 369 3899 (Ostia)
381 3830 518 3883 'Rumam
538 3825 632 3880 Tiberi
646 3830 714 3880 sub·

181 3912 284 3958 vectos.
326 3898 382 3952 lam
400 3898 559 3969 interpretes
578 3896 622 3951 hic
641 3896 716 3954 iure·

181 3973 262 4028 niunt
274 3968 367 4023 nescio
379 3967 443 4038 quid
454 3965 646 4039 impedimenti,
681 3986 716 4018 uo

182 4041 274 4094 minus
294 4038 365 4092 bene
384 4036 512 4107 procedat
531 4033 633 4099 oratio;
661 3985 717 4087 br.

69 4139 78 4158 s
162 4107 284 4162 'nestius
305 4103 350 4162 vel
370 4104 400 4159 in
425 4103 616 4158 detrimentum
641 4103 715 4159 verbi

182 4176 361 4243 transposuit
385 4173 545 4233 sententiam
568 4170 638 4228 rotie
678 4173 716 4229 At

759 1910 873 1964 verbum
903 1912 1091 1977 transposuit,
1125 1911 1188 1981 quia
1218 1930 1297 1981 prae·
1386 1939 1387 1992 p

760 1978 839 2050 cipue
868 1975 892 2028 ei
923 1978 993 2029 inest
1020 1978 1079 2031 ris:
1120 1981 1296 2051 transposuit,

760 2064 844 2116 quum
867 2044 1002 2098 debuisset
1023 2046 1181 2101 subvehere.
1226 2046 1297 2101 Ger·
1386 2067 1387 2114 1

759 2113 878 2166 manices
896 2114 952 2167 Die
964 2114 1058 2167 Flutte
1071 2120 1153 2168 ward
1165 2135 1203 2169 zu
1210 2120 1296 2176 Amt-
1386 2117 1387 2148 i

758 2175 871 2235 siurim
890 2182 986 2235 linlen
1006 2183 1077 2252 Ufer
1095 2186 1297 2253 zuruetgetas-
1318 2220 1320 2223 >

761 2267 812 2304 sen
832 2255 891 2321 und
911 2252 996 2303 dorin
1021 2254 1082 2322 gese
1112 2251 1237 2325 tudass
1264 2275 1297 2310 er

758 2320 834 2371 nicht
846 2319 1080 2390 aussob‘rtssubr.
1150 2333 1237 2375 setzte
1275 2327 1281 2340 ⁶

758 2387 939 2458 Mannscbafl
963 2392 1081 2442 br'rrr‘tber
1113 2428 1116 2436 .
1163 2410 1178 2443 e
1263 2396 1295 2446 in

759 2461 813 2509 das
825 2458 909 2509 Laud
919 2460 1011 2511 recbts
1023 2460 1115 2511 solltess
1151 2462 1205 2513 Alii
1223 2463 1298 2515 mire

758 2525 825 2578 baec
835 2525 1020 2580 confundunt:
1034 2538 1059 2580 et
1066 2513 1171 2599 lipsius
1181 2530 1294 2600 quidem

758 2594 887 2665 opinione
905 2612 952 2647 sua
971 2595 1110 2667 deceptus,
1128 2617 1181 2669 qua
1201 2598 1294 2653 classis

757 2662 900 2715 stationem
921 2662 956 2716 aci
975 2663 1096 2717 dextrum
1114 2667 1200 2719 amnis
1224 2666 1294 2732 latus

757 2729 839 2783 fuisse
852 2730 1000 2785 contendit.
1034 2733 1235 2787 Freinshemius
1244 2737 1295 2789 du·

756 2799 864 2870 pliciter
877 2812 995 2853 erratum
1008 2813 1096 2873 putat,
1113 2803 1203 2874 primo
1218 2805 1295 2875 quod

758 2887 817 2919 uon
840 2868 976 2933 subvexit,
1012 2872 1109 2924 deinde
1134 2874 1210 2942 quod
1233 2893 1294 2928 nou

758 2937 934 3008 transposuit,
953 2949 982 2992 ut
999 2940 1034 2993 ita
1052 2940 1106 2993 hoc
1118 2941 1233 3005 verbum
1247 2943 1294 2995 ad·

757 3003 812 3058 buc
830 3006 943 3077 pendeat
961 3026 975 3059 e
992 3008 1123 3078 particula
1137 3015 1219 3077 quod.
1255 3011 1296 3064 At

758 3082 815 3128 tum
829 3073 927 3145 copula
942 3087 997 3128 erat
1009 3077 1144 3141 addenda,
1162 3095 1230 3159 quae
1248 3078 1295 3134 hic

758 3140 848 3194 omitti
869 3144 1005 3214 nequibat.
1048 3144 1119 3198 Sunt
1143 3157 1223 3199 etiam
1246 3149 1296 3219 qui
1360 3189 1362 3193 -

757 3208 909 3283 intelligant
939 3216 989 3265 sed
1019 3226 1079 3266 ante
1109 3217 1295 3281 transposuit.

759 3278 925 3334 Maluerims
979 3284 1134 3346 minirum,
1178 3285 1292 3339 scilibet.

757 3346 909 3409 Punctum,
935 3350 1009 3421 quod
1033 3362 1094 3404 ante
1118 3355 1293 3421 transposed!

758 3417 930 3487 reponimus,
963 3418 1019 3474 iam
1047 3420 1154 3492 pridem
1185 3422 1293 3475 eratin

757 3495 823 3540 vett.
842 3486 904 3541 edd.
932 3515 935 3522 =

793 3554 943 3624 efficiendis
964 3557 1103 3622 pontibus.
1152 3556 1296 3613 Ernestius

757 3640 806 3693 per
825 3622 964 3693 enallagen
983 3625 1081 3696 accipit
1096 3624 1131 3678 de
1150 3646 1206 3679 uuo
1224 3648 1292 3697 pou·

758 3701 798 3753 te,
817 3710 871 3761 quo
890 3692 1023 3745 Amisiam
1043 3713 1151 3747 amnem
1167 3696 1292 3752 iunxerit.

757 3758 811 3811 Res
829 3771 919 3811 tamen
938 3759 1069 3832 postulat,
1094 3773 1126 3816 ut
1144 3765 1293 3835 cogitemus

758 3827 792 3881 de
805 3828 933 3898 pontibus
945 3847 1003 3881 non
1018 3830 1107 3884 solum
1122 3851 1201 3901 super
1217 3834 1293 3888 Ami·

757 3896 841 3959 siam,
856 3896 995 3951 sedetiam
1008 3917 1089 3970 super
1100 3900 1230 3955 aestuaria
1247 3922 1292 3974 pa·

759 3964 889 4035 ludosque
911 3966 1011 4037 positis.
1049 3967 1097 4021 Sic
1116 3971 1139 4030 l,
1154 3970 1196 4022 61.
1219 3971 1291 4024 Cae·

757 4034 821 4087 cr'rra
835 4035 1021 4099 praemissus,
1038 4045 1070 4089 ut
1084 4047 1185 4103 pontes
1198 4049 1226 4091 et
1238 4059 1293 4107 ag-

757 4119 837 4171 geres
851 4104 971 4157 humido
982 4106 1122 4171 paludum
1133 4117 1161 4161 et
1170 4107 1293 4178 salaci.

758 4176 924 4243 buseampr's
933 4175 1100 4242 miramret.
