2792 4642
1071 178 1143 225 ΜΊ.
1153 180 1201 227 100.

1069 238 1101 278 Δ.
1111 232 1139 277 C.
1165 237 1201 279 15.

148 178 219 252 104
482 183 485 190 “
544 175 849 266 ANNALIUM

144 357 213 403 nus
246 333 672 429 maiestatispostulavit,
726 338 965 409 subscribente
984 337 1159 410 vRomano
1185 340 1259 410 Hi-

145 459 270 528 spone:
308 440 374 531 qui
391 442 545 509 formam
567 440 661 510 vitae
680 440 780 525 iniit,
811 465 918 534 quam
940 454 1062 533 postea
1080 445 1259 516 celebrem

144 537 305 608 miseriae
346 556 546 632 temporum
563 597 567 616 ,
582 556 618 611 et
657 543 823 612 audaciae
859 538 1048 613 hominum
1083 546 1258 620 iecerunt.

144 664 361 731 nemegens‚
386 644 545 732 ignotus,
568 643 735 738 inquics‚⁴
749 646 839 713 dum·
857 646 1003 715 occultis
1023 648 1153 716 libellis
1179 672 1259 718 sae·
1349 705 1352 709 .

144 742 250 811 vitiae
272 746 444 837 prinoipis
464 747 620 838 adrepit,
644 749 728 816 mox
751 747 944 842 clarissimo
961 749 1092 843 ,cuique
1115 751 1259 842 pericn-

74 859 76 870 '
145 843 222 913 lum
236 847 390 932 facessit,
415 849 611 939 potentiam
624 849 720 939 apud
732 872 864 935 unum,
889 850 1014 919 odium
1026 852 1120 942 apud
1134 875 1260 921 omnes

144 946 313 1038 adeptus,
343 949 441 1018 dedit
462 951 675 1040 exemplum,
705 950 803 1042 quod
827 951 954 1036 secuti,
978 976 1021 1020 ex
1041 953 1259 1045 pauperibus

102 1107 133 1131 ,ἡ
144 1047 289 1144 divites,
327 1075 369 1120 ex
398 1051 605 1142 contemptis
634 1052 841 1136 metuendi,
861 1075 862 1078 ’
879 1053 1073 1144 perniciem
1105 1056 1184 1124 aliis
1215 1080 1260 1126 ae

39 1135 66 1202 't
142 1164 360 1241 postremum
384 1154 452 1222 sibi
475 1153 651 1225 invenere.
704 1153 776 1224 Sed
794 1152 1007 1227 Marcellum
1027 1156 1260 1262 insimulabat

142 1401 244 1488 βουλῇ,
261 1398 678 1488 ὶδίᾳμὲντοῖςτεὺήατευκόὗι
719 1420 796 1471 sules
812 1418 837 1471 h.
852 1436 875 1470 e.
913 1417 1172 1473 raesidesaSenatu
1188 1421 1257 1474 mis·
1316 1487 1321 1495 ..

74 1509 77 1514 ·
143 1480 194 1551 τήν
207 1503 236 1537 τε
243 1483 378 1555 Ἀφρικὴν
391 1490 438 1539 καὶ
451 1486 500 1553 τὴν
507 1484 612 1554 Ἀσίαν,
631 1489 679 1539 καὶ
720 1506 765 1539 sos
779 1488 843 1554 (Aa.
860 1490 883 1551 1,
894 1438 937 1540 BS.
957 1489 981 1551 2,
995 1489 1037 1542 52.
1060 1489 1100 1548 18,
1114 1493 1137 1541 1.
1158 1490 1197 1552 13,
1212 1491 1260 1547 33.

143 1559 201 1613 τοῖς
213 1550 327 1624 ἐώρατη
348 1554 427 1624 pedor
441 1553 474 1609 rol
487 1553 572 1609 λοιπὰ
586 1552 678 1609 πάντα
723 1557 814 1616 teto.
830 1557 923 1620 16,10.
940 1557 979 1613 18.
1003 1557 1069 1612 Hist.
1086 1562 1109 1616 1,
1121 1559 1163 1612 76.
1180 1559 1260 1622 246.

111 1680 114 1685 ,
143 1619 285 1692 ἀπένειμε.
300 1635 304 1650 ”
322 1575 360 1678 dx
375 1626 416 1678 his
452 1636 517 1689 atet,
536 1624 678 1679 Caesarem
720 1625 746 1686 4,
763 1625 806 1688 48.
827 1625 882 1695 50.)
907 1636 933 1679 et
952 1636 1156 1693 propraetores
1178 1628 1204 1682 h.
1230 1647 1258 1681 e.

142 1690 296 1762 promiscue
309 1704 335 1748 et
349 1645 490 1750 consulatu
510 1705 535 1748 et
552 1705 679 1765 praetura
721 1692 841 1747 Caesaris
852 1696 954 1767 legatos
966 1696 1030 1762 (An.
1044 1695 1133 1759 1240.
1153 1696 1194 1756 13,
1204 1697 1259 1777 51.)

143 1761 252 1817 fundtos
262 1760 291 1812 in
300 1764 522 1836 suasprorincias
531 1763 680 1829 misisse;a
721 1782 774 1815 nee
793 1783 912 1833 unquam
934 1775 1087 1835 praetorem
1112 1764 1177 1818 dicit
1203 1765 1259 1818 nisi

143 1831 679 1886 senatuauternvirosconsularesmissos
721 1831 906 1903 magistratum
929 1833 1074 1885 urbanum.
1123 1833 1260 1887 Provocat

142 1900 172 1952 in
181 1898 333 1968 provincias
343 1900 512 1964 consulares,
527 1902 679 1974 praetorios

63 2005 66 2014 .
143 1968 172 2021 in
186 1968 341 2035 praetorias.
362 1969 528 2041 ¹llineApp.
540 1971 571 2023 B.
584 1969 678 2023 Mitbr.

143 2037 204 2092 254.
219 2031 331 2110 Πόντου
348 2039 380 2093 δὲ
396 2042 442 2091 rot
450 2044 594 2099 ’Βιθυνίας
606 2041 678 2108 πέμ-

143 2121 228 2161 πεται
242 2109 283 2165 ale
298 2104 460 2179 στρᾰτηγός.
491 2109 594 2167 Vides,
611 2126 678 2178 pro-

113 2203 115 2206 ·
143 2175 247 2229 vinciae
266 2180 372 2244 generis
395 2177 500 2236 ratione
522 2176 609 2228 habita
631 2193 678 2226 re·

143 2244 261 2299 ctissime
293 2245 388 2298 Tacito
422 2246 477 2298 dici
511 2254 678 2312 praetorem

142 2314 302 2378 Bithyniae.
346 2316 383 2365 lit
397 2318 555 2382 proconsul
572 2313 678 2379 Bithy·

143 2384 211 2434 niae
230 2380 368 2434 invenitur
383 2383 438 2435 An.
454 2385 493 2446 16,
510 2384 550 2436 18.
571 2393 597 2433 et
617 2379 676 2433 Pli-

143 2449 205 2504 nins
229 2449 258 2500 in
286 2469 346 2523 epp.
368 2451 519 2522 saepissime
537 2449 679 2522 Bithyniae

143 2518 292 2591 praesides,
311 2531 495 2575 antecessores
510 2540 587 2580 suos,
611 2539 678 2589 pro-

143 2585 269 2642 consules
286 2585 367 2650 dicit,
385 2593 528 2662 'nunquam
546 2606 678 2660 proprae-

143 2666 215 2710 tores
229 2655 271 2708 vel
287 2671 434 2729 praetores.
466 2659 502 2712 cf.
517 2658 601 2711 eiusd.
617 2675 679 2727 epp.

145 2730 191 2789 10,
218 2726 275 2778 109.
299 2727 357 2780 113.
380 2729 432 2781 65.
458 2730 514 2782 aliis
534 2747 568 2781 ue
600 2725 677 2777 locis.

67 2849 72 2854 ,
120 2747 677 2869 1ΝἰῐῃὶῑυιηΑυςιιεῐιιεεσεειιῐιᾚῐιηιίᾘοιιι

143 2864 186 2924 53,
208 2864 250 2916 13.
278 2866 414 2933 praesides
438 2864 640 2936 provinciarum
664 2877 679 2914 a

144 2942 239 2987 senatu
252 2933 348 2986 missds
361 2935 438 2986 iussit
450 2954 507 2986 esse
516 2931 585 3006 μήτε
598 2938 679 3001 ξίφος

143 3003 424 3073 παραζωννυμένους,
453 2998 523 3073 μήτε
544 3020 678 3074 στρατιω-

143 3073 203 3143 τικῇ
224 3072 319 3134 todire
332 3074 509 3141 χρωμένους,
531 3074 576 3125 καὶ
588 3071 678 3125 ἀνθυ-

144 3139 249 3208 πάτους
267 3144 413 3193 καλεῖσθαι
427 3140 466 3211 μὴ
485 3139 528 3194 ὃτι
545 3141 609 3202 τοὺς
627 3137 678 3194 δύο

143 3207 208 3270 τοὺς
227 3206 431 3277 rinocerotem,
456 3209 592 3263 ἀλλὰκαὶ
617 3209 680 3271 τοὺς

143 3277 243 3348 ἄλλους
275 3273 332 3334 croi
363 3275 606 3350 {orporqypadiorr
628 3309 679 3336 -.

115 3379 117 3386 ·
144 3348 208 3411 τοὺς
227 3348 384 3420 di‘irt‘pooe
401 3352 426 3418 (a
439 3349 552 3414 Caesare
570 3349 678 3416 missos)

145 3416 377 3489 ἀντιστρατήγους
395 3416 596 3490 ὀνομάζεσθαι,
628 3414 681 3469 κᾶν

145 3490 176 3545 ἐκ
189 3490 246 3544 τῶν
258 3483 456 3544 ὑπατευκότων
468 3482 534 3557 ὦσι,
564 3488 680 3547 διέταξε.

143 3560 268 3639 Narqque
304 3560 487 3628 propraetoris
517 3555 681 3613 vocabulum

100 3659 104 3668 ι
143 3647 227 3699 magis
244 3628 424 3681 conveniebat
445 3627 559 3681 ducibus
576 3625 680 3678 exerei-

741 1902 832 1952 uidem
847 1901 987 1954 Ernestius
1006 1903 1039 1954 ad
1058 1903 1111 1955 An.
1124 1905 1150 1965 2,
1161 1903 1203 1955 56.
1215 1903 1260 1957 77.

720 1919 745 2030 d,
760 1969 912 2039 inquibus
928 1969 997 2022 loeis
1016 1972 1060 2022 r'us
1072 1973 1216 2037 praetoris
1231 1982 1261 2025 et

720 2038 762 2090 vis
769 2040 913 2105 praetoris
928 2038 1055 2108 opinatur
1070 2038 1124 2094 dici
1135 2058 1187 2110 pro
1198 2040 1259 2093 iure

720 2108 784 2157 etri
799 2106 968 2176 magistratus
982 2107 1166 2177 provincialis.
1201 2108 1259 2162 Sed

720 2174 927 2245 intelligendum
946 2175 1037 2247 potius
1057 2185 1096 2229 est
1115 2177 1156 2231 ius
1175 2188 1200 2231 et
1220 2177 1259 2232 ris

720 2243 873 2313 legatorum
882 2242 1015 2309 Caesaris,
1034 2264 1092 2300 non
1102 2265 1258 2316 proconsu-

719 2312 786 2365 lum.
800 2312 884 2381 2Quae
899 2333 962 2367 eum
974 2314 1010 2366 ita
1022 2315 1086 2373 sint,
1099 2334 1197 2368 censeo
1212 2324 1259 2367 aut
1305 2363 1312 2368 .

720 2382 837 2435 sciolum
862 2383 996 2453 quendam
1015 2382 1161 2456 'librarium
1187 2383 1258 2455 apud

720 2449 859 2504 Tacitum
878 2455 1076 2519 proconsulem
1102 2454 1259 2522 Bithyniae

722 2521 885 2602 mutasseqin
900 2530 1081 2585 praetorem,
1099 2522 1163 2592 quia
1177 2541 1258 2576 oom-

721 2588 842 2660 perisset,
854 2588 1006 2657 Bithyniam
1018 2607 1074 2641 esse
1088 2590 1259 2659 provinciam

720 2657 897 2729 praetoriam,
924 2666 969 2708 aut
989 2656 1121 2727 peculiari
1142 2660 1259 2728 quadam

722 2727 755 2779 de
775 2744 853 2778 causa
872 2727 951 2778 nobis
967 2726 1105 2797 incognita
1119 2728 1164 2780 bic
1177 2747 1256 2799 prae-

721 2805 809 2846 torem
835 2794 894 2845 Bith
915 2794 975 2845 niae
1002 2795 1065 2848 dici.
1115 2795 1203 2864 Quid,
1234 2795 1265 2850 si'

720 2862 869 2915 Marcellus
886 2814 938 2914 tiit
956 2862 1057 2934 legatus
1073 2863 1192 2918 Caesaris
1212 2885 1257 2918 ex-

720 2942 761 2984 tra
785 2932 910 2984 ordinem
933 2940 960 2983 et
987 2932 1100 2985 nomine
1129 2934 1258 3003 praetoris

721 2998 817 3052 missus
842 3020 906 3054 cum
933 3003 1063 3065 exercitu,
1096 3013 1125 3055 ut
1152 3012 1258 3072 regeret

721 3068 896 3139 Bithyniam?
936 3068 1000 3123 Non
1026 3072 1098 3124 enim
1122 3072 1259 3141 Augustus

721 3137 889 3210 provincias,
932 3158 1001 3209 quae
1033 3151 1121 3192 essent
1155 3139 1259 3210 populi,

722 3216 865 3328 propterea
893 3208 1022 3278 neglexit3
1054 3210 1100 3278 sed
1133 3210 1259 3261 omnium

742 3277 792 3327 aud
805 3278 882 3329 secus
894 3297 925 3331 ac
939 3279 961 3330 si
973 3295 1035 3330 suae
1052 3288 1154 3335 essent,
1172 3276 1257 3329 maxi-

723 3364 797 3398 mam
815 3344 907 3397 habuit
927 3365 1027 3399 euram.
1062 3345 1100 3397 lta
1117 3344 1146 3396 in
1160 3345 1257 3417 Bithy-

723 3415 768 3466 nia
788 3412 844 3484 ipse
861 3409 946 3466 adfuit
963 3433 987 3467 a.
1006 3433 1032 3465 u.
1051 3432 1074 3465 c.
1086 3412 1145 3465 734.
1166 3414 1259 3485 ibique
1280 3419 1285 3424 ’

725 3484 818 3536 omnia
840 3483 986 3535 constituit.
1021 3480 1056 3534 cf.
1070 3481 1125 3534 Dio
1141 3483 1184 3542 54,
1197 3484 1224 3537 7.
1276 3493 1283 3510 ’

718 3585 725 3593 -
757 3553 952 3603 susbseribeate.
979 3550 1015 3603 cl.
1024 3550 1151 3620 Sigonius
1165 3553 1198 3606 de
1213 3550 1257 3607 iu·

724 3617 802 3673 diciis
821 3620 911 3681 lt,10.

145 3708 237 3760 tuum,
254 3696 348 3765 quales
361 3687 575 3749 essentCaesaris
588 3693 695 3762 legatis
758 3686 1031 3756 oniformamvitae
1046 3689 1064 3741 i.
1095 3687 1257 3763 Sc.Crispi-

58 3785 62 3790 ’
144 3765 323 3848 proconsules
333 3763 418 3835 aptius
429 3762 589 3815 dicebantur
600 3781 678 3833 prae7

145 3837 215 3891 sides
224 3831 598 3908 pacatarumprovinciarum,
607 3848 680 3898 ,quae

165 3906 313 3959 ertinerent
344 3903 378 3956 ad
409 3911 542 3956 senatum.
597 3897 681 3966 Quod

144 3925 287 4028 Brnestius
322 3970 487 4046 adsrrqnarih
528 3978 680 4041 praetorem

145 4043 202 4096 diei
219 4059 408 4113 quemcunque
425 4038 582 4110 provinciae
600 4053 680 4108 prae-

723 3777 788 3818 uus,
809 3758 883 3824 quod
896 3766 968 3827 patet
981 3775 995 3807 e
1010 3776 1075 3827 sqq
1091 3759 1259 3813 Marcellam
1276 3783 1279 3790 Χ

723 3827 967 3879 insimulabat....
979 3827 1090 3878 addidit
1099 3830 1197 3896 Hispo.
1208 3840 1259 3884 etc.

723 3894 770 3948 sie
783 3893 839 3947 Cic.
853 3913 902 3964 pro
910 3891 1029 3949 Archjc.
1038 3899 1079 3950 10.
1092 3900 1181 3961 Sulla,
1195 3917 1260 3949 erras

723 3965 868 4032 Hispanos
881 3973 908 4015 et
916 3963 1014 4016 Gallos
1025 3967 1160 4028 donaret,
1177 3970 1259 4020 eredo

723 4037 796 4087 buno
803 4041 946 4099 petentem
960 4036 1155 4100 repudiasset:
1177 4052 1258 4103 quem
1298 4073 1302 4090 .

145 4110 250 4173 sidem,
264 4111 360 4164 'Tacito
380 4107 492 4179 quidem
510 4107 682 4178 incognitum
724 4105 773 4170 (so.
792 4100 925 4188 Sullam,¹
944 4121 1003 4156 non
1025 4105 1178 4172 petentem)
1192 4119 1259 4157 'nos

101 4207 113 4244 g
145 4186 193 4236 est,
209 4178 256 4247 qui
271 4190 395 4233 accurate
408 4176 547 4248 distinguit
556 4191 681 4245 proton-

724 4180 776 4226 ete.
815 4204 818 4210 ·
