2792 4642
150 247 222 319 102
238 241 252 285 ··
268 239 300 319 :f
463 226 478 273 ²
498 195 858 320 ‘aminon
1055 203 1240 336 'ppqps

118 399 199 471 *cie
224 398 311 490 legis
340 398 414 478 eius
443 399 621 485 tractavit,
659 413 857 469 commotus
882 394 995 469 Cassii
1021 398 1144 471 Severi
1170 401 1260 469 libi-

144 501 248 587 dine,
273 525 343 595 qua
361 501 458 571 viros
474 501 693 595 feminasque
715 501 881 573 inlustres
896 500 1102 594 procacibus
1120 503 1266 594 scriptis

145 603 397 675 diffamaverat.
466 627 550 672 mox
578 601 782 688 Tiberius,
830 604 1049 673 consultante
1085 603 1259 697 Pompeio

144 703 269 775 Macro
289 719 449 797 praetore
466 730 513 773 an
526 705 657 775 iudicia
670 706 863 775 maiestatis
875 706 1130 782 redderentur?
1156 708 1261 776 eicer-

144 809 273 877 tendas
292 808 386 898 leges
409 831 483 876 esse
503 807 698 900 respondit.
755 805 863 876 Hunc
887 831 1029 900 quoque
1052 819 1264 900 asperavere

46 913 52 928 '
126 905 316 994 carrdina,
342 910 486 979 incertis
502 902 703 979 auctoribus
723 908 864 997 vulgata
883 909 923 977 in
936 909 1119 979 saeuitiam
1134 932 1260 1002 super-

142 1012 309 1106 biamque
324 1001 401 1081 ‘eius
419 1026 453 1082 et
469 1011 668 1084 discordem
684 1033 765 1079 eum
777 1024 889 1110 matre
906 1011 1075 1083 animum.

90 1119 94 1124 ’
176 1195 180 1202 Δ
243 1110 413 1186 LXXIII.
462 1109 570 1182 Haud
587 1111 721 1203 pigebit
743 1112 874 1181 referre
897 1111 936 1180 in
949 1110 1100 1181 Falanio
1121 1127 1156 1184 et
1175 1109 1260 1184 Ru-

141 1215 240 1302 brio,
272 1215 421 1287 modicis
442 1214 619 1306 equitibus
639 1210 831 1298 Romanis,
860 1227 1077 1306 praetentata
1098 1214 1260 1303 crimina,

140 1332 182 1388 ut
225 1318 355 1410 quibus
387 1315 517 1400 initiis,
562 1328 697 1409 quanta
725 1313 865 1392 'liberii
899 1329 974 1385 arte
1009 1317 1259 1405 gravissimum

142 1417 289 1490 exitium
303 1416 508 1508 inrepserit,
534 1417 618 1486 dein
636 1437 835 1508 repressum
851 1417 911 1501 sit,
925 1422 1110 1508 'postremo
1133 1420 1259 1491 arserit
1283 1503 1289 1513 .

142 1535 335 1611 cunctaque
371 1519 600 1610 corripuerit,
646 1532 824 1593 noscatur.
888 1515 1036 1589 Falanio
1067 1521 1260 1591 obiiciebat

122 1606 336 1705 [ac'cnsaton
362 1621 458 1713 quod
482 1622 575 1690 inter
596 1622 748 1691 cultores
766 1615 947 1709 Augusti,
962 1621 1025 1713 qui
1047 1647 1110 1713 per
1132 1647 1257 1694 omnes

141 1723 265 1793 domos
303 1722 343 1791 in
376 1723 523 1792 modum
551 1723 790 1815 collegiorum·
812 1717 1053 1809 habebantur,
1093 1721 1258 1795 Cassium
1307 1773 1308 1776 =

584 1853 590 1862 ,
961 1837 970 1860 .

173 1966 261 2032 specie
273 1967 338 2032 legis
350 1967 415 2021 eius.
448 1965 505 2021 Dio
518 1965 559 2029 66,
571 1967 613 2020 27.
752 1974 783 2019 ut
800 1966 897 2034 quibus
916 1965 1008 2024 initiis
1025 2001 1032 2017 .
1046 2001 1054 2018 .
1066 2002 1095 2018 ..
1112 1973 1256 2020 noscottn.

175 2036 268 2089 Cassii
284 2037 384 2089 Severi
398 2037 519 2089 libidine.
566 2035 675 2094 Libido,
718 2034 751 2087 Li
764 2029 826 2086 ‘sius
842 2034 940 2086 verbaz
957 2036 1023 2085 dein
1036 2050 1198 2100 regressum
1209 2037 1256 2096 sit,

141 2104 260 2158 studium
277 2104 485 2157 immoderatum
500 2102 675 2166 etlascivum‚
717 2055 802 2156 rebert
825 2101 859 2155 ad
890 2109 1014 2172 tempora
1037 2101 1195 2173 Vespasiani
1227 2113 1256 2157 et

141 2175 175 2227 cf.
200 2173 226 2235 4,
244 2173 286 2225 35.
314 2176 378 2226 Non
406 2174 514 2238 attingo
546 2173 676 2234 Grnecoq
717 2170 787 2233 Titi,
805 2169 834 2222 in
855 2189 885 2222 ea
905 2188 938 2221 ue
958 2168 1135 2241 explicatione
1153 2172 1254 2224 Brote-

140 2259 260 2311 quornm
272 2258 331 2292 non
345 2245 428 2299 modo
441 2242 570 2301 libertas,
589 2242 676 2290 etnim
718 2240 806 2304 rium,
823 2190 983 2303 Wolfium,
1001 2239 1067 2292 alios
1082 2241 1255 2310 acquiescere

139 2313 223 2366 libido
249 2310 395 2375 impunita.
433 2308 462 2367 5,
483 2307 509 2360 4.
528 2300 674 2360 libidinem
718 2308 808 2362 video.
855 2306 974 2389 Ryclius
998 2317 1086 2361 totum
1108 2308 1200 2363 locum
1220 2311 1255 2362 de

124 2379 323 2444 -rirgeniorum
359 2376 430 2429 Plin.
447 2396 506 2448 epp.
525 2378 549 2439 8,
563 2376 587 2429 6.
602 2393 672 2443 pro·
717 2375 821 2430 Tiberii
841 2376 994 2457 principatu
1015 2376 1121 2447 accipit.
1162 2377 1255 2431 Recte.

139 2448 255 2499 cedendi
271 2447 366 2499 libido.
381 2483 387 2496 .
403 2445 514 2498 Sueton.
531 2449 687 2502 licentrirrn,
717 2446 787 2498 Nam
821 2444 922 2498 diserte
964 2445 1062 2498 Noster
1102 2446 1184 2506 dicite
1222 2455 1256 2497 ut

140 2514 221 2576 dicits
247 2534 297 2570 nos
324 2515 435 2577 Freoel,
465 2513 563 2570 Graeci
589 2511 674 2585 ὕβρις,
717 2523 904 2576 noscatur,
927 2516 1254 2583 quibus...corrrpuerit.

140 2583 176 2637 cf.
192 2584 243 2636 bio
256 2584 273 2637 l.
291 2583 308 2636 l.
327 2582 432 2656 μαθὼν
447 2580 489 2637 ὅτι
499 2584 591 2652 βιβλία
605 2580 674 2637 ἅττα
716 2584 773 2636 lam
790 2602 854 2638 vero
872 2582 893 2634 si
914 2581 1062 2652 repressio,
1087 2582 1121 2636 de
1158 2604 1191 2636 ua
1208 2584 1253 2637 lo-

139 2648 186 2722 t‘np‘
201 2650 370 2723 ὕβριντινῶν
379 2649 570 2723 συγγράφοιτο
583 2673 608 2707 κ.
617 2654 674 2707 nl.
718 2652 824 2723 quitur,
849 2652 882 2704 ad
899 2650 1093 2721 Vespasianum
1114 2663 1139 2705 et
1177 2652 1255 2716 itum,

173 2741 212 2776 on
226 2725 330 2776 indicia
342 2743 379 2776 m.
392 2728 584 2785 redderentur.
604 2722 674 2774 Sue·
718 2731 745 2773 et
759 2738 828 2790 quae
842 2730 1005 2789 sequuntur,
1023 2720 1056 2771 ad
1064 2719 1253 2775 Domitianum

140 2792 271 2844 ton,Tih,
291 2793 370 2845 ΜΒ,
401 2792 510 2851 Di057,
526 2793 565 2845 19,
601 2791 675 2852 „Im
717 2789 892 2859 pertinerent,
905 2788 1045 2868 quomodo
1056 2803 1166 2860 possent
1176 2789 1253 2843 nosci

14 2847 19 2854 l
58 2875 63 2880 ·
139 2861 212 2912 dicia
225 2865 342 2912 reddere
355 2861 395 2912 vel
407 2860 583 2913 daredicitur
592 2857 690 2930 prae-‘¹
717 2878 747 2911 er
761 2856 813 2909 hoc
825 2857 974 2909 Annalium
987 2875 1083 2925 opere,
1102 2860 1175 2929 quod
1190 2851 1253 2911 finiss

139 2938 278 2989 tor,cum
294 2940 453 2997 potestatem
470 2928 566 2999 agendi
586 2927 674 2981 actio'-
718 2935 762 2977 tur
797 2925 867 2977 exitu
895 2924 1038 2978 ‘Neronis'f
1087 2926 1174 2979 Immo
1206 2946 1253 2979 re·
1304 2929 1308 2934 ’

139 3015 255 3064 nemque
270 3006 295 3049 et
305 2993 411 3051 iddices
429 2996 480 3054 dat.
512 2997 546 3051 cf.
559 2997 587 3050 L.
600 2991 623 3049 1.
636 2998 673 3051 D.
713 3011 846 3061 pressum
868 2993 907 3046 sit
930 2993 1011 3046 etiam
1031 2994 1252 3068 coniungendum

139 3074 235 3115 nautae
256 3083 332 3153 caup.
353 3064 448 3131 stabul.
470 3064 499 3116 L.
520 3065 563 3118 21.
583 3065 619 3117 D.
640 3066 674 3118 de
717 3073 756 3116 est
781 3082 844 3115 cum
869 3063 975 3116 verbis:
1011 3074 1119 3131 quanta
1147 3065 1256 3118 Tiberii

139 3141 230 3201 negot.
243 3132 327 3202 gest’
346 3132 516 3188 Strombeclc.
552 3133 674 3197 cf.6,11.
717 3141 795 3195 arte,
825 3142 952 3204 totusque
982 3133 1059 3184 locus
1086 3132 1253 3203 deTiberio

57 3216 80 3257 ι,
139 3202 188 3268 qni
197 3202 238 3252 ius
249 3204 386 3253 redderet.
415 3200 456 3260 13,
469 3202 510 3255 51.
526 3203 590 3255 iura
604 3208 673 3256 red·
716 3199 916 3268 intelligendus,
931 3200 978 3272 qui
992 3200 1041 3253 sub
1054 3200 1159 3253 initium
1172 3203 1252 3272 prin-

139 3271 247 3322 derent.
333 3313 357 3347 j,
717 3269 820 3339 cipatus
842 3269 952 3322 exitium
976 3268 1044 3321 illud
1067 3288 1124 3320 uon
1142 3270 1253 3341 quidem

174 3337 304 3389 carmina
315 3338 429 3392 incertis
441 3341 599 3394 auctoribus
612 3342 672 3393 vul-
716 3335 871 3409 impedivit,
908 3356 962 3410 quo
995 3338 1083 3390 minus
1109 3336 1260 3408 irreperet„

59 3441 61 3446 -
138 3414 216 3474 gata.
253 3406 327 3460 Suet
338 3406 398 3459 Tib.
415 3427 438 3461 o.
453 3407 494 3461 59.
716 3405 845 3477 repressit
861 3418 968 3469 tamen,
985 3424 1019 3471 ne
1038 3424 1065 3457 se
1083 3407 1252 3461 auctorein·
1320 3431 1323 3434 ³

122 3517 129 3528 .
173 3471 241 3528 Car.
260 3474 301 3527 73.
318 3476 430 3529 *Haud
444 3478 545 3542 pigebit
566 3476 674 3545 referre
716 3474 830 3546 repsisse
854 3476 1007 3537 videretur,
1035 3481 1174 3542 postremo
1201 3496 1252 3529 au.

140 3552 190 3595 etc.
236 3543 280 3595 nd
303 3542 357 3599 boc
382 3555 462 3617 capnt
491 3544 673 3600 conferendus
715 3555 773 3614 teor
785 3543 821 3596 ita
839 3545 947 3602 saeviit,
966 3552 996 3593 ut
1013 3551 1109 3593 cuncta
1126 3544 1251 3616 corripe-

139 3599 195 3665 Dio
208 3611 248 3675 57,
261 3612 285 3665 9.
469 3655 472 3680 ,
560 3663 564 3668 ,
656 3611 665 3627 “
716 3622 821 3666 rentur.
865 3612 909 3669 Cf.
927 3611 992 3662 infr.
1009 3608 1033 3672 3,
1051 3609 1093 3661 56.
1115 3610 1253 3679 Tiberius,

173 3683 287 3752 prodibis
306 3682 450 3749 equitibus.
492 3681 617 3740 Modicus
640 3679 673 3735 de
708 3681 798 3749 samo
822 3679 1025 3733 moderationis
1041 3688 1144 3746 porta,
1180 3689 1254 3752 qnod
1283 3733 1285 3740 .

137 3750 218 3804 bonis
239 3750 416 3819 fortunisque.
460 3748 496 3804 cs.
512 3749 568 3808 An.
590 3754 631 3815 11,
647 3751 673 3803 7.
716 3750 870 3815 ingruentis
880 3757 1252 3817 aoeusntoresrepresserat,

138 3837 169 3874 se
182 3823 304 3872 modicos
317 3828 471 3873 senatores.
717 3819 806 3871 mittit
817 3820 923 3869 litteras
937 3827 989 3868 etc.
1025 3817 1090 3879 etti,
1106 3818 1148 3875 51.
1161 3825 1250 3875 decul-

171 3890 371 3958 gravissr'mum
400 3890 526 3944 exitium·
577 3886 672 3943 Senec.
717 3897 778 3939 tum
793 3922 847 3940 ....
860 3887 1000 3938 utebatur.
1228 3883 1232 3892 ’

139 3956 172 4010 de
191 3956 282 4012 benef.
300 3956 325 4021 3,
336 3956 384 4011 96.
402 3958 459 4009 Sub
472 3958 581 4011 Tiberio
601 3957 673 4011 Cae·
955 3971 958 3982 ¹
1314 4017 1317 4022 .

119 4043 204 4079 sare
225 4027 288 4095 fuit
313 4026 466 4079 amarandi
481 4026 617 4096 frequens
645 4036 673 4078 et
746 4040 799 4091 per
812 4040 907 4075 omnes
920 4025 1027 4077 domos.
1063 4023 1249 4097 Intelligedo-

135 4111 225 4158 paene
242 4097 355 4161 publica
372 4096 481 4159 rabber,
506 4113 577 4164 quae
594 4096 675 4147 omni
696 4109 778 4160 'moe
800 4089 964 4145 familiarum
989 4092 1158 4159 inlustrium3
1186 4115 1249 4149 nam

137 4161 214 4213 civili
234 4164 307 4213 bello
328 4164 442 4231 gravius
460 4173 590 4231 togatam
607 4164 671 4217 civi·
714 4166 817 4215 domus
828 4179 886 4217 non
895 4161 964 4216 valet
977 4161 1009 4216 de
1022 4160 1161 4235 quibusvis
1174 4163 1249 4218 aedi-

137 4222 228 4279 tatem
241 4229 357 4298 confecit
369 4243 421 4286 etc.
569 4230 572 4246 '
715 4231 775 4287 bus.
