2792 4642
173 198 250 269 226
579 187 885 264 ANNALIUM
1099 189 1238 293 pprgp

174 361 250 425 reni
270 348 416 421 infitiari
435 359 588 441 poterat:
613 346 731 452 solupn
748 346 879 416 veneni
898 347 1033 419 miuron
1047 347 1144 419 visus
1159 362 1214 418 est
1230 347 1293 418 di-

174 456 292 527 tuisse.
342 451 440 546 quod
454 474 501 520 ne
519 455 738 520 accusatores
756 449 903 543 quidem
916 450 1001 520 satis
1019 441 1225 537 firmabant,
1248 450 1292 521 in

174 555 339 630 convivio
358 550 583 637 Germanici,
607 577 690 622 cum
709 575 816 642 supor
837 576 919 630 eum
938 549 1022 624 Pis'o
1043 553 1293 639 discumberet,

174 662 324 732 iniectos
343 655 509 725 manibus
529 655 605 724 eius
634 654 733 724 cibos
759 667 956 743 arguentes.
1006 656 1137 750 quippe
1162 656 1294 728 absur-

174 765 262 834 dum
287 759 475 828 videbatur
500 756 594 826 inter
618 755 736 846 aliena
749 755 904 828 servitia
929 770 964 826 et
989 770 1042 828 tot
1073 758 1293 828 adstantium

174 867 254 937 visu
280 863 358 955 ipso
388 856 601 958 Germanico
637 881 756 927 coram
783 857 821 925 id
849 880 986 932 ausum.
1051 859 1293 953 offerebatque

174 966 347 1041 [mudum
363 986 445 1033 reus
466 974 501 1031 et
521 960 703 1029 ministros
724 959 764 1026 in
781 972 956 1030 tormenta
976 960 1166 1051 flagitabat.
1215 960 1292 1033 Sed

175 1070 309 1141 iudices
323 1089 388 1159 per
401 1063 539 1133 diversa
552 1060 792 1153 implacabiles
806 1075 922 1131 erant:
947 1060 1078 1133 Caesar
1092 1061 1140 1132 ob
1153 1063 1293 1133 bellum

173 1170 377 1269 provinciae
392 1166 564 1249 inlatum,
587 1157 729 1232 senatus
750 1186 935 1256 nunquam
955 1165 1039 1235 satis
1056 1166 1190 1235 credito
1210 1165 1292 1234 sine

167 1267 300 1346 'fraude
322 1266 577 1341 Germanicum
604 1264 790 1339 interiissc.
848 1256 1098 1359 *scripsissent
1125 1280 1294 1360 expostu-

174 1380 303 1452 lantes:
335 1369 433 1465 quod
450 1363 548 1438 haud
567 1367 688 1437 minus
701 1364 870 1438 Tiberius
890 1392 999 1463 quarn
1017 1366 1100 1439 Piso
1122 1370 1292 1444 abnuere.

208 1658 251 1704 tet
271 1643 451 1701 adstantium
475 1641 548 1696 visu.
591 1640 629 1697 ci.
648 1650 709 1696 not.
727 1673 732 1682 ·
751 1638 876 1695 Tiberius
915 1640 984 1696 otuit
1001 1641 1120 1697 abunere
1140 1640 1289 1698 Germani-

174 1722 208 1784 ad
228 1722 259 1784 2,
278 1715 322 1770 44.
342 1714 392 1768 sub
411 1729 474 1767 voc.
490 1715 622 1765 ds'ssesm
660 1711 708 1764 Pi·
752 1729 817 1765 snm
831 1728 880 1782 per
892 1659 1014 1764 irandesn
1025 1711 1179 1766 interiisse?
1207 1711 1291 1765 Mer.

100 1813 102 1834 t
174 1792 260 1848 ebena
281 1797 308 1839 et
324 1781 448 1837 Heinsius
466 1780 601 1835 malebant
622 1782 710 1845 ossus,
752 1797 830 1834 cerus
856 1778 998 1833 emendat:
1033 1783 1170 1833 submisse
1197 1781 1240 1849 (b.
1260 1801 1290 1835 e.

174 1857 249 1934 qnod
259 1853 348 1910 Taciti
357 1849 450 1905 stilum
460 1867 518 1903 non
530 1850 644 1904 redolet
677 1881 680 1890 ν
751 1857 858 1902 secreto
881 1850 1039 1917 murmure)
1065 1867 1080 1902 e
1156 1853 1291 1914 tutunus,

56 1939 59 1946 ’
117 1957 121 1970 .
207 1928 363 1980 ministros.
405 1938 444 1973 sc·
465 1916 636 1978 Germanici,
661 1918 709 1991 qui
751 1919 825 1985 quod
838 1926 889 1969 etc.
925 1914 951 1968 ls
968 1915 1077 1970 bbudd
1117 1919 1141 1972 le
1158 1937 1217 1973 rem
1235 1937 1291 1972 acu

174 2000 204 2055 in
216 1995 266 2050 illo
280 1989 402 2048 consitio
415 1986 640 2041 ministraverant.
751 1982 847 2054 tetigit.
882 1981 991 2037 Scilicet
1008 1984 1140 2039 submisse
1160 1997 1289 2059 expostu-

207 2062 409 2129 *sumentem
418 2058 639 2121 expostulantes.
662 2053 710 2109 Sic
751 2050 855 2104 larunts
874 2050 942 2105 nibil
958 2052 1059 2107 certitu
1076 2054 1136 2123 (Sis
1148 2055 1290 2110 lnwrten

175 2134 238 2192 cod.
250 2130 312 2187 MS.
331 2137 358 2181 et
378 2125 439 2179 edd.
452 2123 610 2179 vett.‘baud
627 2123 710 2177 dubia
751 2117 918 2188 narsitem?
941 2120 1073 2178 Miror-lt
1093 2123 1155 2182 clio
1174 2126 1290 2197 ineptias

175 2207 270 2260 lacuna
290 2203 351 2252 ante
371 2193 560 2259 scripsissent,
586 2190 630 2243 eui
649 2210 709 2243 non
750 2188 868 2241 Merceri
887 2188 1027 2260 placuisse.
1084 2200 1197 2248 aernus:
1215 2196 1288 2246 ειη·-

175 2266 325 2326 medeberis
361 2279 449 2315 uacuo
471 2278 504 2313 ue
522 2258 656 2313 medicina
678 2277 709 2311 es
748 2258 1221 2324 pss‘ssentsr'nstnlnntsscusntores
1229 2272 1289 2318 stn-

174 2336 285 2410 ingenio
310 2282 405 2387 alian.
484 2338 542 2381 etus
566 2327 710 2397 scriptura,
750 2326 804 2378 tim
823 2328 908 2380 sers'li
919 2330 1082 2382 sententias
1097 2334 1289 2399 expostulan-

173 2402 424 2481 qnomodocunque
447 2405 620 2469 torqueatur,
645 2395 710 2450 ido·
749 2403 801 2449 les.
840 2394 928 2468 Quae·
937 2399 1076 2469 quomodo
1091 2399 1120 2451 in
1131 2410 1289 2454 contextum

173 2492 253 2532 neam
285 2468 444 2525 sententiam
468 2484 526 2520 non
549 2464 652 2529 iimdit,
679 2474 710 2518 nt
771 2462 898 2524 uadrent,
912 2484 967 2519 non
980 2466 1067 2521 video.
1101 2468 1288 2523 Borborniuss

194 2543 301 2605 rodni,
318 2537 392 2610 quod
405 2534 529 2590 Tiberius
547 2534 628 2588 simul
645 2553 709 2588 cum
751 2482 810 2590 ἓν
841 2532 1027 2601 interfecisset
1060 2540 1287 2606 expostulantes.

172 2567 272 2670 bisone
294 2608 412 2664 mouere
438 2603 566 2676 potuerit.
615 2602 709 2725 Nepos
753 2602 924 2681 Quodbaud
936 2612 987 2656 etc.
1019 2603 1232 2672 Quaestiuncula
1246 2625 1290 2659 sa-.

173 2678 312 2741 tamenin
331 2672 479 2746 conspicua
495 2681 581 2726 textus
596 2681 657 2730 mut
677 2690 708 2723 a·
739 2670 813 2734 ¹trsl
846 2669 904 2723 idai
934 2671 979 2724 cui
1002 2674 1146 2745 colaphum
1170 2675 1288 2730 misem

173 2755 249 2809 tione
260 2747 418 2803 defuerunt,
435 2740 481 2815 qui
494 2752 541 2795 aut
554 2741 651 2800 verba,
668 2739 709 2792 uti
750 2736 825 2792 solen
844 2776 852 2801 ‚
873 2738 919 2808 qui
954 2753 1102 2811 roponnnt.
1136 2743 1206 2798 Salis
1221 2762 1289 2798 ere·

174 2830 245 2883 sunt,
261 2813 424 2888 explicanda,
441 2821 487 2864 ant
500 2809 710 2881 transpositione
750 2806 832 2860 dibile
847 2816 915 2860 estt
941 2827 957 2860 e
975 2809 1042 2881 quid
1060 2811 1238 2866 etTiberium
1258 2823 1289 2866 et

174 2892 230 2943 ina
251 2889 308 2940 tu'm
320 2901 430 2938 sensum
443 2877 646 2940 concinnanda,
662 2886 710 2929 aut
750 2874 877 2928 Pisonem
890 2875 1023 2932 abnuisse.
1054 2878 1187 2935 Hilleruss
1205 2879 1288 2952 Quae

174 2957 264 3011 addita
277 2952 321 3007 vel
332 2960 434 3003 mutata
447 2965 501 3001 una
514 2945 628 3000 alterave
643 2951 713 3002 root,
750 2942 879 2996 Tiberius
899 2955 927 2996 et
945 2946 1013 2998 Piso
1031 2951 1209 3016 scripsissent
1228 2967 1288 3002 sn·-

174 3021 293 3080 earnnda
317 3019 368 3072 sibi
393 3023 540 3071 sumerent.
587 3013 708 3067 Pretium
745 3014 937 3081 postulantes.
966 3016 1187 3083 Audaciorsane,
1200 3036 1286 3089 wem
1343 3021 1345 3030 ’

175 3103 230 3156 eet,
243 3086 309 3163 quid
321 3086 472 3149 effecerint,
485 3102 607 3138 noscere.
635 3082 707 3136 Rhe.
749 3097 800 3203 pro
817 3079 868 3135 isto
886 3092 1009 3155 tempore
1021 3096 1049 3140 et
1063 3086 1139 3149 loco.
1157 3087 1287 3159 expostu-

174 3179 262 3217 nanus
273 3157 399 3227 explicate
415 3155 577 3217 „obiectum
587 3170 602 3204 a
614 3162 710 3218 senatu
759 3150 823 3205 atio.
856 3150 1008 3206 Broteriuss
1028 3163 1056 3205 st
1067 3173 1139 3224 quoe
1150 3156 1285 3224 scripsis-

173 3229 283 3290 Pisoni‚
318 3224 373 3277 uod
393 3222 459 3293 ipsi,
476 3239 575 3293 nempe
592 3219 708 3274 Germa·
749 3227 812 3271 sent
822 3224 1042 3287 expostulantes.
1076 3222 1288 3280 Oberlinobaec

173 3298 289 3354 nicnset
325 3294 364 3347 iso
385 3311 433 3363 per
444 3290 542 3344 litteras
555 3289 707 3362 expostula-
750 3287 900 3359 placebant.
934 3288 1034 3344 Manca
1048 3301 1138 3347 tanim
1156 3302 1183 3347 et
1202 3292 1284 3346 nimis

57 3361 66 3388 ²
143 3364 273 3422 *sissent
291 3364 325 3417 de
341 3379 445 3414 veneno
459 3358 580 3431 praebito
592 3368 638 3411 aut
652 3375 709 3411 non
750 3356 866 3430 abrupte
904 3358 1125 3427 praecedentibus
1162 3361 1285 3431 adposita

174 3431 329 3510 pnebito.”
373 3427 452 3498 Quae
470 3426 568 3499 siquis
587 3425 709 3480 dicturus
750 3443 806 3477 esse
827 3425 971 3484 ridentur:
1010 3425 1060 3482 Vir
1088 3430 1184 3484 doctus
1208 3429 1283 3502 Gry.

174 3513 230 3568 est,
264 3519 322 3555 nou
352 3496 501 3552 enuntiabit
533 3514 582 3567 per
612 3494 709 3548 rerba:
749 3492 867 3563 phieusis
884 3493 914 3548 1..
935 3495 956 3549 l.
975 3493 1033 3548 W.
1051 3497 1081 3550 in
1098 3498 1191 3553 libello
1208 3497 1283 3572 Gry·

173 3573 349 3640 scripsissent
360 3567 581 3633 expostulantes.
610 3562 708 3616 Omni·
749 3560 826 3633 pbiae
840 3562 911 3618 edito
928 3564 993 3617 1817
1005 3564 1094 3620 dedit:
1120 3566 1203 3638 Quod
1212 3570 1284 3622 seri·

173 3662 210 3698 no
224 3640 262 3694 nil
275 3634 391 3709 ineptius
403 3643 456 3696 est,
474 3652 555 3705 quarn
569 3650 708 3685 somnien·
745 3631 872 3698 psissent
887 3636 1118 3700 expostulantes,
1137 3639 1215 3690 naun
1224 3640 1284 3692 mi·

173 3708 331 3769 uillarum,
367 3702 394 3755 ui
407 3701 527 3774 cogitant
537 3701 571 3754 de
584 3709 708 3769 expostu-
748 3715 805 3752 nus
823 3699 854 3752 Τ.
877 3717 963 3769 quam
981 3701 1011 3753 P.
1035 3706 1169 3760 nouere.
1211 3704 1282 3760 Ger.

98 3785 104 3798 ‘
173 3782 272 3835 latione
310 3723 457 3829 eriitteras
474 3770 543 3823 inter
560 3767 706 3822 Germani·
747 3768 852 3821 manice
865 3768 990 3838 explicat:
1007 3770 1086 3843 Dnss
1098 3775 1230 3842 libripens
1240 3777 1283 3831 sia

172 3868 237 3905 cum
248 3856 276 3901 et
289 3794 415 3898 bisonem
427 3838 506 3893 iacta
540 3837 664 3892 Muretus
678 3849 706 3891 et
747 3834 886 3904 (German.
906 3846 932 3889 et
952 3837 1025 3908 Piso)
1054 3842 1117 3894 ss'sls
1147 3844 1283 3897 emunder

172 3918 277 3991 lipsius
294 3918 418 3968 oensem,
434 3905 515 3960 verba
528 3908 705 3987 scripsissent
746 3904 898 4026 W
911 3903 1049 3979 bedsende
1064 3910 1217 3982 Vorsodrse
1230 3931 1283 3982 μ..

169 3985 384 4054 expostulantes
403 3975 517 4031 delenda
531 3994 603 4034 esse,
620 3983 647 4025 et
660 3973 706 4030 luc
857 3975 949 4027 landen
967 3981 1088 4034 solltens
1116 3981 1178 4034 dies
1194 3983 1280 4049 Idne.
1375 3995 1376 3998 ¹

170 4055 282 4126 quidem
301 4051 388 4106 alieno
409 4047 470 4099 loco
490 4062 521 4096 ea
537 4043 637 4098 inserta
655 4060 703 4095 su·
744 4051 811 4095 nete
823 4043 1050 4110 ns‘elstnurPssn
1061 4052 1282 4105 sondernsellst

169 4123 301 4194 spicatum
318 4137 373 4190 quo
387 4112 513 4173 remittat,
527 4111 620 4167 nescit.
648 4108 704 4165 Sed
745 4110 884 4166 Tiberius.
919 4111 998 4182 Quae
1016 4116 1170 4174 emendatio
1189 4137 1279 4191 quan.

168 4198 279 4244 maneat
295 4184 441 4245 molestiae,
477 4179 547 4236 Nan
561 4178 702 4253 quomodo
745 4196 825 4251 quarn
839 4180 925 4254 plenis
939 4183 1031 4241 buccis
1045 4181 1202 4242 effluaom
1215 4206 1280 4249 cum
1373 4209 1374 4218 ¹
