<?xml version="1.0" encoding="UTF-8"?>
<!DOCTYPE html PUBLIC "-//W3C//DTD XHTML 1.0 Transitional//EN"
    "http://www.w3.org/TR/xhtml1/DTD/xhtml1-transitional.dtd">
<html xmlns="http://www.w3.org/1999/xhtml" xml:lang="en" lang="en">
 <head>
  <title>
</title>
<meta http-equiv="Content-Type" content="text/html;charset=utf-8" />
  <meta name='ocr-system' content='tesseract 3.04.00' />
  <meta name='ocr-capabilities' content='ocr_page ocr_carea ocr_par ocr_line ocrx_word'/>
</head>
<body>
  <div class='ocr_page' id='page_1' title='image "./ccorneliitaciti01unkngoog_0051.png"; bbox 0 0 2792 4642; ppageno 0'>
   <div class='ocr_carea' id='block_1_1' title="bbox 183 142 917 267">
    <p class='ocr_par' dir='ltr' id='par_1_1' title="bbox 183 142 917 267">
     <span class='ocr_line' id='line_1_1' title="bbox 183 142 917 267; baseline -0.003 -26"><span class='ocrx_word' id='word_1_1' title='bbox 183 186 306 241; x_wconf 83' lang='lat' dir='ltr'><em>xxxtv</em></span> <span class='ocrx_word' id='word_1_2' title='bbox 556 142 917 267; x_wconf 62' lang='lat' dir='ltr'><em>Putaram.</em></span> 
     </span>
    </p>
   </div>
   <div class='ocr_carea' id='block_1_2' title="bbox 110 316 1371 930">
    <p class='ocr_par' dir='ltr' id='par_1_2' title="bbox 183 316 1371 621">
     <span class='ocr_line' id='line_1_2' title="bbox 284 316 1303 403; baseline 0.007 -13"><span class='ocrx_word' id='word_1_3' title='bbox 284 316 417 393; x_wconf 85' lang='lat' dir='ltr'><em>Editio</em></span> <span class='ocrx_word' id='word_1_4' title='bbox 433 318 463 393; x_wconf 93' lang='lat' dir='ltr'><strong><em>I</em></strong></span> <span class='ocrx_word' id='word_1_5' title='bbox 461 344 570 394; x_wconf 77' lang='lat' dir='ltr'><em>oona.</em></span> <span class='ocrx_word' id='word_1_6' title='bbox 587 319 754 396; x_wconf 79' lang='lat' dir='ltr'><em>Niooioi</em></span> <span class='ocrx_word' id='word_1_7' title='bbox 766 319 1027 403; x_wconf 65' lang='lat' dir='ltr'><em>Lallemoodis</em></span> <span class='ocrx_word' id='word_1_8' title='bbox 1037 356 1055 381; x_wconf 49' lang='grc' dir='ltr'><strong><em>ἰ</em></strong></span> <span class='ocrx_word' id='word_1_9' title='bbox 1065 321 1214 396; x_wconf 68' lang='lat' dir='ltr'><em>›Frodiit</em></span> <span class='ocrx_word' id='word_1_10' title='bbox 1225 320 1303 397; x_wconf 61' lang='lat' dir='ltr'><em>Pa:</em></span> 
     </span>
     <span class='ocr_line' id='line_1_3' title="bbox 183 422 1297 506; baseline 0.001 -11"><span class='ocrx_word' id='word_1_11' title='bbox 183 424 278 495; x_wconf 86' lang='lat' dir='ltr'><em>risiis</em></span> <span class='ocrx_word' id='word_1_12' title='bbox 295 448 353 494; x_wconf 87' lang='lat' dir='ltr'><em>an.</em></span> <span class='ocrx_word' id='word_1_13' title='bbox 371 425 481 497; x_wconf 87' lang='grc'><strong>1760.</strong></span> <span class='ocrx_word' id='word_1_14' title='bbox 498 422 699 496; x_wconf 85' lang='grc' dir='ltr'><strong>Τ.1-11Ι.</strong></span> <span class='ocrx_word' id='word_1_15' title='bbox 719 428 776 498; x_wconf 66' lang='grc'><em>17.</em></span> <span class='ocrx_word' id='word_1_16' title='bbox 827 426 975 498; x_wconf 86' lang='lat' dir='ltr'><em>Secutus</em></span> <span class='ocrx_word' id='word_1_17' title='bbox 988 439 1043 497; x_wconf 82' lang='lat' dir='ltr'><em>est</em></span> <span class='ocrx_word' id='word_1_18' title='bbox 1055 427 1297 506; x_wconf 72' lang='lat' dir='ltr'><em>recfflsionem</em></span> 
     </span>
     <span class='ocr_line' id='line_1_4' title="bbox 183 524 1371 621; baseline 0.002 -25"><span class='ocrx_word' id='word_1_19' title='bbox 183 524 342 617; x_wconf 82' lang='lat' dir='ltr'><em>Ernestii</em></span> <span class='ocrx_word' id='word_1_20' title='bbox 360 550 522 621; x_wconf 83' lang='lat' dir='ltr'><em>novaque</em></span> <span class='ocrx_word' id='word_1_21' title='bbox 537 529 668 598; x_wconf 82' lang='lat' dir='ltr'><em>auxilia</em></span> <span class='ocrx_word' id='word_1_22' title='bbox 683 528 803 603; x_wconf 77' lang='lat' dir='ltr'><em>nuulit</em></span> <span class='ocrx_word' id='word_1_23' title='bbox 818 553 837 597; x_wconf 89' lang='lat' dir='ltr'><em>e</em></span> <span class='ocrx_word' id='word_1_24' title='bbox 852 531 929 603; x_wconf 83' lang='lat' dir='ltr'><em>cod.</em></span> <span class='ocrx_word' id='word_1_25' title='bbox 941 525 1247 619; x_wconf 60' lang='lat' dir='ltr'><em>RegtParisiensi.</em></span> <span class='ocrx_word' id='word_1_26' title='bbox 1285 550 1288 559; x_wconf 86' lang='grc'><strong>’</strong></span> <span class='ocrx_word' id='word_1_27' title='bbox 1306 528 1310 533; x_wconf 74' lang='grc'><em>’</em></span> <span class='ocrx_word' id='word_1_28' title='bbox 1365 550 1371 555; x_wconf 92' lang='grc'><em>·</em></span> 
     </span>
    </p>

    <p class='ocr_par' dir='ltr' id='par_1_3' title="bbox 110 623 1299 930">
     <span class='ocr_line' id='line_1_5' title="bbox 286 623 1298 722; baseline 0 -23"><span class='ocrx_word' id='word_1_29' title='bbox 286 628 317 722; x_wconf 63' lang='grc' dir='ltr'><em>ξ.</em></span> <span class='ocrx_word' id='word_1_30' title='bbox 331 629 391 699; x_wconf 80' lang='grc'><em>88.</em></span> <span class='ocrx_word' id='word_1_31' title='bbox 413 623 547 698; x_wconf 85' lang='lat' dir='ltr'><em>Editio</em></span> <span class='ocrx_word' id='word_1_32' title='bbox 562 623 755 701; x_wconf 83' lang='lat' dir='ltr'><em>Gobriclis</em></span> <span class='ocrx_word' id='word_1_33' title='bbox 769 627 946 700; x_wconf 81' lang='lat' dir='ltr'><em>Broterii.</em></span> <span class='ocrx_word' id='word_1_34' title='bbox 957 638 974 679; x_wconf 55' lang='grc' dir='ltr'><em>ι’</em></span> <span class='ocrx_word' id='word_1_35' title='bbox 994 629 1135 702; x_wconf 79' lang='lat' dir='ltr'><em>Prodiit</em></span> <span class='ocrx_word' id='word_1_36' title='bbox 1149 627 1298 699; x_wconf 80' lang='lat' dir='ltr'><em>Parisiis</em></span> 
     </span>
     <span class='ocr_line' id='line_1_6' title="bbox 184 728 1299 813; baseline 0.001 -14"><span class='ocrx_word' id='word_1_37' title='bbox 184 754 226 799; x_wconf 82' lang='lat' dir='ltr'><em>ex</em></span> <span class='ocrx_word' id='word_1_38' title='bbox 249 731 388 800; x_wconf 87' lang='lat' dir='ltr'><em>officina</em></span> <span class='ocrx_word' id='word_1_39' title='bbox 400 731 577 803; x_wconf 88' lang='lat' dir='ltr'><em>Ludov&#39;ici</em></span> <span class='ocrx_word' id='word_1_40' title='bbox 593 731 774 802; x_wconf 81' lang='lat' dir='ltr'><em>Francisci</em></span> <span class='ocrx_word' id='word_1_41' title='bbox 785 731 967 804; x_wconf 84' lang='lat' dir='ltr'><em>Delatour.</em></span> <span class='ocrx_word' id='word_1_42' title='bbox 991 756 1047 813; x_wconf 65' lang='lat' dir='ltr'><em>an,</em></span> <span class='ocrx_word' id='word_1_43' title='bbox 1065 728 1175 804; x_wconf 78' lang='lat' dir='ltr'><em>tm·</em></span> <span class='ocrx_word' id='word_1_44' title='bbox 1193 732 1299 802; x_wconf 80' lang='lat' dir='ltr'><em>form.</em></span> 
     </span>
     <span class='ocr_line' id='line_1_7' title="bbox 110 818 1297 930; baseline 0.003 -30"><span class='ocrx_word' id='word_1_45' title='bbox 110 845 114 853; x_wconf 82' lang='grc'>’</span> <span class='ocrx_word' id='word_1_46' title='bbox 183 828 235 916; x_wconf 84' lang='grc'><em>4.,</em></span> <span class='ocrx_word' id='word_1_47' title='bbox 258 846 426 925; x_wconf 87' lang='lat' dir='ltr'><em>quattuor</em></span> <span class='ocrx_word' id='word_1_48' title='bbox 443 818 546 918; x_wconf 61' lang='lat' dir='ltr'><em>vo&#39;ll„</em></span> <span class='ocrx_word' id='word_1_49' title='bbox 571 829 640 904; x_wconf 86' lang='lat' dir='ltr'><em>hoo</em></span> <span class='ocrx_word' id='word_1_50' title='bbox 661 835 784 904; x_wconf 87' lang='lat' dir='ltr'><em>titulo:</em></span> <span class='ocrx_word' id='word_1_51' title='bbox 808 825 851 905; x_wconf 85' lang='lat' dir='ltr'><em>C.</em></span> <span class='ocrx_word' id='word_1_52' title='bbox 865 826 1035 905; x_wconf 79' lang='lat' dir='ltr'><em>Cornelii</em></span> <span class='ocrx_word' id='word_1_53' title='bbox 1045 827 1174 903; x_wconf 78' lang='lat' dir='ltr'><em>Taciti</em></span> <span class='ocrx_word' id='word_1_54' title='bbox 1187 855 1297 930; x_wconf 80' lang='lat' dir='ltr'><em>opero</em></span> 
     </span>
    </p>
   </div>
   <div class='ocr_carea' id='block_1_3' title="bbox 102 929 1361 3070">
    <p class='ocr_par' dir='ltr' id='par_1_4' title="bbox 102 929 1361 2453">
     <span class='ocr_line' id='line_1_8' title="bbox 185 929 1298 1033; baseline 0.003 -32"><span class='ocrx_word' id='word_1_55' title='bbox 185 932 397 1028; x_wconf 76' lang='lat' dir='ltr'><em>recognovit,</em></span> <span class='ocrx_word' id='word_1_56' title='bbox 413 929 625 1016; x_wconf 71' lang='lat' dir='ltr'><em>emendavit,</em></span> <span class='ocrx_word' id='word_1_57' title='bbox 640 931 900 1033; x_wconf 60' lang='lat' dir='ltr'><em>§appionem-is</em></span> <span class='ocrx_word' id='word_1_58' title='bbox 909 930 1077 1031; x_wconf 71' lang='lat' dir='ltr'><em>explevit,</em></span> <span class='ocrx_word' id='word_1_59' title='bbox 1091 929 1202 1016; x_wconf 76' lang='lat' dir='ltr'><em>notit,</em></span> <span class='ocrx_word' id='word_1_60' title='bbox 1217 929 1298 1005; x_wconf 80' lang='lat' dir='ltr'><em>dis-</em></span> 
     </span>
     <span class='ocr_line' id='line_1_9' title="bbox 182 1029 1301 1134; baseline 0.003 -31"><span class='ocrx_word' id='word_1_61' title='bbox 182 1033 473 1119; x_wconf 40' lang='lat' dir='ltr'><em>strictioribus</em></span> <span class='ocrx_word' id='word_1_62' title='bbox 488 1032 629 1106; x_wconf 84' lang='lat' dir='ltr'><em>tabulis</em></span> <span class='ocrx_word' id='word_1_63' title='bbox 645 1030 904 1134; x_wconf 71' lang='lat' dir='ltr'><em>geographicis</em></span> <span class='ocrx_word' id='word_1_64' title='bbox 919 1033 1128 1109; x_wconf 68' lang='lat' dir='ltr'><em>illustrante</em></span> <span class='ocrx_word' id='word_1_65' title='bbox 1140 1029 1301 1107; x_wconf 80' lang='lat' dir='ltr'><em>Gabriel</em></span> 
     </span>
     <span class='ocr_line' id='line_1_10' title="bbox 113 1132 1296 1236; baseline 0.001 -30"><span class='ocrx_word' id='word_1_66' title='bbox 113 1161 115 1165; x_wconf 71' lang='grc'>’</span> <span class='ocrx_word' id='word_1_67' title='bbox 182 1132 341 1208; x_wconf 83' lang='lat' dir='ltr'><em>Broticr.</em></span> <span class='ocrx_word' id='word_1_68' title='bbox 362 1185 421 1236; x_wconf 21' lang='lat'><em>-,</em></span> <span class='ocrx_word' id='word_1_69' title='bbox 463 1135 556 1209; x_wconf 86' lang='lat' dir='ltr'><em>Eam</em></span> <span class='ocrx_word' id='word_1_70' title='bbox 578 1140 754 1209; x_wconf 87' lang='lat' dir='ltr'><em>rationem</em></span> <span class='ocrx_word' id='word_1_71' title='bbox 772 1140 945 1223; x_wconf 40' lang='lat' dir='ltr'><em>instituite</em></span> <span class='ocrx_word' id='word_1_72' title='bbox 971 1138 1164 1226; x_wconf 71' lang='lat' dir='ltr'><em>ut&#39;textui,</em></span> <span class='ocrx_word' id='word_1_73' title='bbox 1189 1164 1296 1232; x_wconf 88' lang='lat' dir='ltr'><em>quem</em></span> 
     </span>
     <span class='ocr_line' id='line_1_11' title="bbox 182 1240 1297 1333; baseline 0.001 -23"><span class='ocrx_word' id='word_1_74' title='bbox 182 1241 324 1327; x_wconf 90' lang='lat' dir='ltr'><em>dieunt,</em></span> <span class='ocrx_word' id='word_1_75' title='bbox 362 1241 683 1311; x_wconf 87' lang='lat' dir='ltr'><em>animadversiones</em></span> <span class='ocrx_word' id='word_1_76' title='bbox 709 1242 936 1331; x_wconf 85' lang='lat' dir='ltr'><em>subiungeret</em></span> <span class='ocrx_word' id='word_1_77' title='bbox 959 1242 1005 1311; x_wconf 85' lang='lat' dir='ltr'><em>ad</em></span> <span class='ocrx_word' id='word_1_78' title='bbox 1035 1240 1297 1333; x_wconf 86' lang='lat' dir='ltr'><em>interpretatio-</em></span> 
     </span>
     <span class='ocr_line' id='line_1_12' title="bbox 181 1341 1298 1435; baseline 0.001 -24"><span class='ocrx_word' id='word_1_79' title='bbox 181 1366 265 1412; x_wconf 86' lang='lat' dir='ltr'><em>nem</em></span> <span class='ocrx_word' id='word_1_80' title='bbox 295 1343 516 1435; x_wconf 87' lang='lat' dir='ltr'><em>potissimum</em></span> <span class='ocrx_word' id='word_1_81' title='bbox 550 1357 754 1435; x_wconf 83' lang='lat' dir='ltr'><em>spectantes.</em></span> <span class='ocrx_word' id='word_1_82' title='bbox 806 1341 1062 1435; x_wconf 75' lang='lat' dir='ltr'><em>..Critieazpars</em></span> <span class='ocrx_word' id='word_1_83' title='bbox 1094 1342 1298 1414; x_wconf 77' lang='lat' dir='ltr'><em>continetur</em></span> 
     </span>
     <span class='ocr_line' id='line_1_13' title="bbox 181 1441 1297 1539; baseline 0.003 -26"><span class='ocrx_word' id='word_1_84' title='bbox 181 1441 283 1514; x_wconf 86' lang='lat' dir='ltr'><em>Notis</em></span> <span class='ocrx_word' id='word_1_85' title='bbox 299 1459 334 1513; x_wconf 87' lang='lat' dir='ltr'><em>et</em></span> <span class='ocrx_word' id='word_1_86' title='bbox 345 1441 685 1531; x_wconf 83' lang='lat' dir='ltr'><em>Emendationibus,</em></span> <span class='ocrx_word' id='word_1_87' title='bbox 707 1470 797 1539; x_wconf 84' lang='lat' dir='ltr'><em>quae</em></span> <span class='ocrx_word' id='word_1_88' title='bbox 811 1445 961 1536; x_wconf 73' lang='lat' dir='ltr'><em>singtflis</em></span> <span class='ocrx_word' id='word_1_89' title='bbox 974 1444 1218 1517; x_wconf 71' lang='lat' dir='ltr'><em>voluminibus</em></span> <span class='ocrx_word' id='word_1_90' title='bbox 1231 1446 1297 1517; x_wconf 75' lang='lat' dir='ltr'><em>ad&#39;-</em></span> 
     </span>
     <span class='ocr_line' id='line_1_14' title="bbox 181 1542 1348 1640; baseline 0.005 -27"><span class='ocrx_word' id='word_1_91' title='bbox 181 1547 540 1638; x_wconf 82' lang='lat' dir='ltr'><em>nexaereperiuntur.</em></span> <span class='ocrx_word' id='word_1_92' title='bbox 590 1545 635 1616; x_wconf 84' lang='lat' dir='ltr'><em>In</em></span> <span class='ocrx_word' id='word_1_93' title='bbox 655 1542 714 1616; x_wconf 91' lang='lat' dir='ltr'><em>his</em></span> <span class='ocrx_word' id='word_1_94' title='bbox 737 1546 1100 1640; x_wconf 72' lang='lat' dir='ltr'><em>suppeditatunvaria</em></span> <span class='ocrx_word' id='word_1_95' title='bbox 1123 1546 1296 1638; x_wconf 82' lang='lat' dir='ltr'><em>scripturn</em></span> <span class='ocrx_word' id='word_1_96' title='bbox 1346 1587 1348 1589; x_wconf 95' lang='lat'>·</span> 
     </span>
     <span class='ocr_line' id='line_1_15' title="bbox 180 1647 1296 1743; baseline 0.004 -29"><span class='ocrx_word' id='word_1_97' title='bbox 180 1671 256 1715; x_wconf 91' lang='lat' dir='ltr'><em>non</em></span> <span class='ocrx_word' id='word_1_98' title='bbox 279 1648 393 1716; x_wconf 90' lang='lat' dir='ltr'><em>solum</em></span> <span class='ocrx_word' id='word_1_99' title='bbox 417 1671 506 1742; x_wconf 85' lang='lat' dir='ltr'><em>quae</em></span> <span class='ocrx_word' id='word_1_100' title='bbox 521 1649 566 1719; x_wconf 91' lang='lat' dir='ltr'><em>ad</em></span> <span class='ocrx_word' id='word_1_101' title='bbox 579 1647 735 1743; x_wconf 81' lang='lat' dir='ltr'><em>Broterii</em></span> <span class='ocrx_word' id='word_1_102' title='bbox 751 1664 898 1719; x_wconf 86' lang='lat' dir='ltr'><em>aetatem</em></span> <span class='ocrx_word' id='word_1_103' title='bbox 911 1673 975 1742; x_wconf 86' lang='lat' dir='ltr'><em>per</em></span> <span class='ocrx_word' id='word_1_104' title='bbox 989 1649 1127 1740; x_wconf 80' lang='lat' dir='ltr'><em>priores</em></span> <span class='ocrx_word' id='word_1_105' title='bbox 1143 1650 1296 1732; x_wconf 84' lang='lat' dir='ltr'><em>editores</em></span> 
     </span>
     <span class='ocr_line' id='line_1_16' title="bbox 102 1746 1298 1845; baseline 0.003 -30"><span class='ocrx_word' id='word_1_106' title='bbox 102 1746 105 1755; x_wconf 81' lang='grc'><strong>“</strong></span> <span class='ocrx_word' id='word_1_107' title='bbox 180 1748 399 1834; x_wconf 79' lang='lat' dir='ltr'><em>innotuerat,</em></span> <span class='ocrx_word' id='word_1_108' title='bbox 423 1752 484 1819; x_wconf 88' lang='lat' dir='ltr'><em>sed</em></span> <span class='ocrx_word' id='word_1_109' title='bbox 508 1749 613 1821; x_wconf 86' lang='lat' dir='ltr'><em>etiam</em></span> <span class='ocrx_word' id='word_1_110' title='bbox 636 1776 743 1845; x_wconf 87' lang='lat' dir='ltr'><em>quam</em></span> <span class='ocrx_word' id='word_1_111' title='bbox 766 1750 840 1843; x_wconf 85' lang='lat' dir='ltr'><em>ipse</em></span> <span class='ocrx_word' id='word_1_112' title='bbox 853 1751 1008 1843; x_wconf 85' lang='lat' dir='ltr'><em>repperit</em></span> <span class='ocrx_word' id='word_1_113' title='bbox 1022 1750 1063 1819; x_wconf 86' lang='lat' dir='ltr'><em>in</em></span> <span class='ocrx_word' id='word_1_114' title='bbox 1077 1751 1178 1819; x_wconf 82' lang='lat' dir='ltr'><em>codd.</em></span> <span class='ocrx_word' id='word_1_115' title='bbox 1193 1747 1298 1823; x_wconf 75' lang='lat' dir='ltr'><em>Vati-</em></span> 
     </span>
     <span class='ocr_line' id='line_1_17' title="bbox 180 1847 1296 1948; baseline 0 -28"><span class='ocrx_word' id='word_1_116' title='bbox 180 1852 295 1933; x_wconf 79' lang='lat' dir='ltr'><em>canis,</em></span> <span class='ocrx_word' id='word_1_117' title='bbox 321 1847 603 1937; x_wconf 76' lang='lat' dir='ltr'><em>oxoniensibus,</em></span> <span class='ocrx_word' id='word_1_118' title='bbox 631 1851 721 1944; x_wconf 83' lang='lat' dir='ltr'><em>Reg.</em></span> <span class='ocrx_word' id='word_1_119' title='bbox 744 1850 910 1948; x_wconf 66' lang='lat' dir='ltr'><em>(Paria),</em></span> <span class='ocrx_word' id='word_1_120' title='bbox 934 1850 1134 1924; x_wconf 86' lang='lat' dir='ltr'><em>Corbinelli</em></span> <span class='ocrx_word' id='word_1_121' title='bbox 1156 1863 1191 1922; x_wconf 89' lang='lat' dir='ltr'><em>et</em></span> <span class='ocrx_word' id='word_1_122' title='bbox 1214 1853 1296 1928; x_wconf 82' lang='lat' dir='ltr'><em>edd.</em></span> 
     </span>
     <span class='ocr_line' id='line_1_18' title="bbox 181 1948 1296 2042; baseline 0.003 -21"><span class='ocrx_word' id='word_1_123' title='bbox 181 1967 264 2025; x_wconf 86' lang='lat' dir='ltr'><em>vett.</em></span> <span class='ocrx_word' id='word_1_124' title='bbox 314 1952 385 2024; x_wconf 86' lang='lat' dir='ltr'><em>Sed</em></span> <span class='ocrx_word' id='word_1_125' title='bbox 405 1956 446 2023; x_wconf 89' lang='lat' dir='ltr'><em>in</em></span> <span class='ocrx_word' id='word_1_126' title='bbox 468 1955 684 2024; x_wconf 82' lang='lat' dir='ltr'><em>excutiendis</em></span> <span class='ocrx_word' id='word_1_127' title='bbox 699 1954 807 2036; x_wconf 82' lang='lat' dir='ltr'><strong>Mss.</strong></span> <span class='ocrx_word' id='word_1_128' title='bbox 823 1952 956 2023; x_wconf 84' lang='lat' dir='ltr'><em>Vaticc.</em></span> <span class='ocrx_word' id='word_1_129' title='bbox 971 1948 1091 2021; x_wconf 82' lang='lat' dir='ltr'><em>minus</em></span> <span class='ocrx_word' id='word_1_130' title='bbox 1108 1952 1296 2042; x_wconf 81' lang='lat' dir='ltr'><em>diligenter</em></span> 
     </span>
     <span class='ocr_line' id='line_1_19' title="bbox 179 2052 1296 2151; baseline 0.001 -28"><span class='ocrx_word' id='word_1_131' title='bbox 179 2068 336 2124; x_wconf 87' lang='lat' dir='ltr'><em>versatus</em></span> <span class='ocrx_word' id='word_1_132' title='bbox 360 2071 411 2151; x_wconf 76' lang='lat' dir='ltr'><em>est</em></span> <span class='ocrx_word' id='word_1_133' title='bbox 436 2081 543 2149; x_wconf 90' lang='lat' dir='ltr'><em>quam</em></span> <span class='ocrx_word' id='word_1_134' title='bbox 565 2057 698 2125; x_wconf 86' lang='lat' dir='ltr'><em>debuit.</em></span> <span class='ocrx_word' id='word_1_135' title='bbox 742 2086 745 2091; x_wconf 92' lang='lat'>·</span> <span class='ocrx_word' id='word_1_136' title='bbox 774 2053 937 2128; x_wconf 89' lang='lat' dir='ltr'><em>Omnino</em></span> <span class='ocrx_word' id='word_1_137' title='bbox 967 2079 989 2124; x_wconf 91' lang='lat' dir='ltr'><em>a</em></span> <span class='ocrx_word' id='word_1_138' title='bbox 1006 2052 1173 2127; x_wconf 79' lang='lat' dir='ltr'><em>Broterio</em></span> <span class='ocrx_word' id='word_1_139' title='bbox 1196 2055 1296 2125; x_wconf 88' lang='lat' dir='ltr'><em>criti-</em></span> 
     </span>
     <span class='ocr_line' id='line_1_20' title="bbox 180 2148 1293 2251; baseline 0 -25"><span class='ocrx_word' id='word_1_140' title='bbox 180 2176 258 2226; x_wconf 85' lang='lat' dir='ltr'><em>cam</em></span> <span class='ocrx_word' id='word_1_141' title='bbox 286 2158 418 2227; x_wconf 87' lang='lat' dir='ltr'><em>molem</em></span> <span class='ocrx_word' id='word_1_142' title='bbox 447 2158 567 2250; x_wconf 88' lang='lat' dir='ltr'><em>potius</em></span> <span class='ocrx_word' id='word_1_143' title='bbox 596 2171 796 2248; x_wconf 83' lang='lat' dir='ltr'><em>congestam</em></span> <span class='ocrx_word' id='word_1_144' title='bbox 821 2181 928 2251; x_wconf 89' lang='lat' dir='ltr'><em>quam</em></span> <span class='ocrx_word' id='word_1_145' title='bbox 953 2157 1123 2246; x_wconf 84' lang='lat' dir='ltr'><em>digestam</em></span> <span class='ocrx_word' id='word_1_146' title='bbox 1147 2148 1293 2227; x_wconf 81' lang='lat' dir='ltr'><em>dixeris:</em></span> 
     </span>
     <span class='ocr_line' id='line_1_21' title="bbox 176 2252 1295 2354; baseline 0 -25"><span class='ocrx_word' id='word_1_147' title='bbox 176 2252 326 2329; x_wconf 77' lang='lat' dir='ltr'><em>¹acumen</em></span> <span class='ocrx_word' id='word_1_148' title='bbox 348 2260 484 2350; x_wconf 85' lang='lat' dir='ltr'><em>ingenii</em></span> <span class='ocrx_word' id='word_1_149' title='bbox 506 2260 546 2329; x_wconf 91' lang='lat' dir='ltr'><em>in</em></span> <span class='ocrx_word' id='word_1_150' title='bbox 568 2260 646 2351; x_wconf 89' lang='lat' dir='ltr'><em>ipso</em></span> <span class='ocrx_word' id='word_1_151' title='bbox 666 2258 929 2347; x_wconf 85' lang='lat' dir='ltr'><em>desideraveris.</em></span> <span class='ocrx_word' id='word_1_152' title='bbox 979 2255 1118 2329; x_wconf 86' lang='lat' dir='ltr'><em>ludicat</em></span> <span class='ocrx_word' id='word_1_153' title='bbox 1138 2260 1295 2354; x_wconf 68' lang='lat' dir='ltr'><em>pierum-</em></span> 
     </span>
     <span class='ocr_line' id='line_1_22' title="bbox 182 2358 1361 2453; baseline 0.002 -24"><span class='ocrx_word' id='word_1_154' title='bbox 182 2384 250 2453; x_wconf 85' lang='lat' dir='ltr'><em>que</em></span> <span class='ocrx_word' id='word_1_155' title='bbox 266 2385 284 2429; x_wconf 92' lang='lat' dir='ltr'><em>e</em></span> <span class='ocrx_word' id='word_1_156' title='bbox 301 2362 473 2431; x_wconf 86' lang='lat' dir='ltr'><em>sententia</em></span> <span class='ocrx_word' id='word_1_157' title='bbox 487 2358 654 2430; x_wconf 85' lang='lat' dir='ltr'><em>Ernestii.</em></span> <span class='ocrx_word' id='word_1_158' title='bbox 1353 2413 1361 2418; x_wconf 90' lang='lat'>-</span> 
     </span>
    </p>

    <p class='ocr_par' dir='ltr' id='par_1_5' title="bbox 103 2456 1294 2759">
     <span class='ocr_line' id='line_1_23' title="bbox 280 2456 1294 2572; baseline 0.004 -43"><span class='ocrx_word' id='word_1_159' title='bbox 280 2456 415 2532; x_wconf 83' lang='lat' dir='ltr'><em>Editio</em></span> <span class='ocrx_word' id='word_1_160' title='bbox 430 2460 466 2533; x_wconf 88' lang='lat' dir='ltr'><em>I.</em></span> <span class='ocrx_word' id='word_1_161' title='bbox 481 2460 531 2532; x_wconf 84' lang='grc' dir='ltr'><em>Η</em></span> <span class='ocrx_word' id='word_1_162' title='bbox 546 2458 770 2533; x_wconf 81' lang='lat' dir='ltr'><em>Dottcoillii.</em></span> <span class='ocrx_word' id='word_1_163' title='bbox 822 2462 986 2535; x_wconf 86' lang='lat' dir='ltr'><em>Tertium</em></span> <span class='ocrx_word' id='word_1_164' title='bbox 1000 2459 1135 2572; x_wconf 64' lang='lat' dir='ltr'><em>prodiit</em></span> <span class='ocrx_word' id='word_1_165' title='bbox 1147 2459 1294 2541; x_wconf 86' lang='lat' dir='ltr'><em>Parisiis</em></span> 
     </span>
     <span class='ocr_line' id='line_1_24' title="bbox 179 2561 1294 2665; baseline 0.003 -32"><span class='ocrx_word' id='word_1_166' title='bbox 179 2588 235 2633; x_wconf 90' lang='lat' dir='ltr'><em>an.</em></span> <span class='ocrx_word' id='word_1_167' title='bbox 261 2564 370 2637; x_wconf 72' lang='lat'><strong>1792.</strong></span> <span class='ocrx_word' id='word_1_168' title='bbox 422 2564 599 2636; x_wconf 82' lang='lat' dir='ltr'><em>&#39;Contulit</em></span> <span class='ocrx_word' id='word_1_169' title='bbox 623 2566 742 2636; x_wconf 90' lang='lat' dir='ltr'><em>denuo</em></span> <span class='ocrx_word' id='word_1_170' title='bbox 765 2567 921 2665; x_wconf 76' lang='lat' dir='ltr'><em>codicem</em></span> <span class='ocrx_word' id='word_1_171' title='bbox 944 2562 1098 2653; x_wconf 83' lang='lat' dir='ltr'><em>Regium</em></span> <span class='ocrx_word' id='word_1_172' title='bbox 1119 2561 1230 2639; x_wconf 82' lang='lat' dir='ltr'><em>Paris.</em></span> <span class='ocrx_word' id='word_1_173' title='bbox 1258 2579 1294 2636; x_wconf 83' lang='lat' dir='ltr'><em>et</em></span> 
     </span>
     <span class='ocr_line' id='line_1_25' title="bbox 103 2663 871 2759; baseline 0.007 -23"><span class='ocrx_word' id='word_1_174' title='bbox 103 2670 108 2679; x_wconf 86' lang='lat'><strong><em>‘</em></strong></span> <span class='ocrx_word' id='word_1_175' title='bbox 179 2664 290 2738; x_wconf 90' lang='lat' dir='ltr'><em>alium</em></span> <span class='ocrx_word' id='word_1_176' title='bbox 305 2664 457 2739; x_wconf 76' lang='lat' dir='ltr'><em>Institut</em></span> <span class='ocrx_word' id='word_1_177' title='bbox 473 2663 575 2738; x_wconf 86' lang='lat' dir='ltr'><em>Orat.</em></span> <span class='ocrx_word' id='word_1_178' title='bbox 590 2664 656 2737; x_wconf 82' lang='lat' dir='ltr'><em>les.</em></span> <span class='ocrx_word' id='word_1_179' title='bbox 706 2668 749 2736; x_wconf 80' lang='lat' dir='ltr'><em>cf.</em></span> <span class='ocrx_word' id='word_1_180' title='bbox 764 2665 794 2759; x_wconf 59' lang='grc' dir='ltr'><em>ξ.</em></span> <span class='ocrx_word' id='word_1_181' title='bbox 813 2665 871 2741; x_wconf 83' lang='grc'><em>17.</em></span> 
     </span>
    </p>

    <p class='ocr_par' dir='ltr' id='par_1_6' title="bbox 162 2757 1293 3070">
     <span class='ocr_line' id='line_1_26' title="bbox 249 2757 1293 2850; baseline 0.001 -15"><span class='ocrx_word' id='word_1_182' title='bbox 249 2764 258 2773; x_wconf 73' lang='grc'><strong><em>’</em></strong></span> <span class='ocrx_word' id='word_1_183' title='bbox 279 2762 414 2838; x_wconf 84' lang='lat' dir='ltr'><em>Editio</em></span> <span class='ocrx_word' id='word_1_184' title='bbox 435 2762 585 2839; x_wconf 81' lang='lat' dir='ltr'><em>Fcrlcti.</em></span> <span class='ocrx_word' id='word_1_185' title='bbox 641 2767 782 2839; x_wconf 85' lang='lat' dir='ltr'><em>Prodiit</em></span> <span class='ocrx_word' id='word_1_186' title='bbox 796 2767 916 2849; x_wconf 81' lang='lat' dir='ltr'><em>Paris.</em></span> <span class='ocrx_word' id='word_1_187' title='bbox 943 2765 1052 2838; x_wconf 89' lang='grc'><strong>1801.</strong></span> <span class='ocrx_word' id='word_1_188' title='bbox 1077 2765 1131 2850; x_wconf 88' lang='grc'><em>8.,</em></span> <span class='ocrx_word' id='word_1_189' title='bbox 1155 2757 1224 2834; x_wconf 89' lang='lat' dir='ltr'><em>hoc</em></span> <span class='ocrx_word' id='word_1_190' title='bbox 1244 2766 1293 2836; x_wconf 86' lang='lat' dir='ltr'><em>ti-</em></span> 
     </span>
     <span class='ocr_line' id='line_1_27' title="bbox 162 2860 1291 2964; baseline -0.003 -25"><span class='ocrx_word' id='word_1_191' title='bbox 162 2870 271 2940; x_wconf 70' lang='lat' dir='ltr'><em>tulos</em></span> <span class='ocrx_word' id='word_1_192' title='bbox 313 2862 577 2941; x_wconf 62' lang='lat' dir='ltr'><em>observatione</em></span> <span class='ocrx_word' id='word_1_193' title='bbox 606 2867 823 2952; x_wconf 61' lang='lat' dir='ltr'><em>litteratim·</em></span> <span class='ocrx_word' id='word_1_194' title='bbox 860 2864 1047 2964; x_wconf 80' lang='lat' dir='ltr'><em>critiqocs,</em></span> <span class='ocrx_word' id='word_1_195' title='bbox 1082 2860 1291 2964; x_wconf 50' lang='lat' dir='ltr'><em>politionem</em></span> 
     </span>
     <span class='ocr_line' id='line_1_28' title="bbox 178 2961 1293 3070; baseline 0 -33"><span class='ocrx_word' id='word_1_196' title='bbox 178 2966 392 3053; x_wconf 73' lang='lat' dir='ltr'><em>militoirm,</em></span> <span class='ocrx_word' id='word_1_197' title='bbox 412 2966 704 3070; x_wconf 68' lang='lat' dir='ltr'><em>geographiqucs</em></span> <span class='ocrx_word' id='word_1_198' title='bbox 724 2980 783 3042; x_wconf 85' lang='lat' dir='ltr'><em>cto.</em></span> <span class='ocrx_word' id='word_1_199' title='bbox 808 2994 874 3041; x_wconf 83' lang='lat' dir='ltr'><em>sur</em></span> <span class='ocrx_word' id='word_1_200' title='bbox 889 2965 1135 3041; x_wconf 74' lang='lat' dir='ltr'><em>lcsHistoircc</em></span> <span class='ocrx_word' id='word_1_201' title='bbox 1150 2961 1293 3050; x_wconf 76' lang='grc' dir='ltr'><strong>111Το-</strong></span> 
     </span>
    </p>
   </div>
   <div class='ocr_carea' id='block_1_4' title="bbox 55 3061 1282 3172">
    <p class='ocr_par' dir='ltr' id='par_1_7' title="bbox 55 3061 1282 3172">
     <span class='ocr_line' id='line_1_29' title="bbox 55 3061 1282 3172; baseline -0.004 -31"><span class='ocrx_word' id='word_1_202' title='bbox 55 3061 61 3074; x_wconf 80' lang='grc'><strong>’</strong></span> <span class='ocrx_word' id='word_1_203' title='bbox 180 3068 262 3154; x_wconf 84' lang='lat' dir='ltr'><em>cite,</em></span> <span class='ocrx_word' id='word_1_204' title='bbox 286 3096 370 3141; x_wconf 74' lang='lat' dir='ltr'><em>onec</em></span> <span class='ocrx_word' id='word_1_205' title='bbox 387 3068 420 3143; x_wconf 83' lang='lat' dir='ltr'><em>lc</em></span> <span class='ocrx_word' id='word_1_206' title='bbox 435 3082 528 3142; x_wconf 76' lang='lat' dir='ltr'><em>terte</em></span> <span class='ocrx_word' id='word_1_207' title='bbox 545 3071 643 3143; x_wconf 85' lang='lat' dir='ltr'><em>lotio</em></span> <span class='ocrx_word' id='word_1_208' title='bbox 659 3072 799 3168; x_wconf 75' lang='lat' dir='ltr'><em>corrigi</em></span> <span class='ocrx_word' id='word_1_209' title='bbox 805 3124 816 3155; x_wconf 93' lang='lat'><strong>,</strong></span> <span class='ocrx_word' id='word_1_210' title='bbox 839 3064 1189 3172; x_wconf 79' lang='lat' dir='ltr'><em>porEdmchrict.</em></span> <span class='ocrx_word' id='word_1_211' title='bbox 1279 3122 1282 3129; x_wconf 88' lang='lat'><strong>.</strong></span> 
     </span>
    </p>
   </div>
   <div class='ocr_carea' id='block_1_5' title="bbox 118 3168 1385 4178">
    <p class='ocr_par' dir='ltr' id='par_1_8' title="bbox 146 3168 1385 3878">
     <span class='ocr_line' id='line_1_30' title="bbox 280 3168 1290 3274; baseline 0.001 -34"><span class='ocrx_word' id='word_1_212' title='bbox 280 3168 414 3244; x_wconf 87' lang='lat' dir='ltr'><em>Editio</em></span> <span class='ocrx_word' id='word_1_213' title='bbox 436 3172 656 3274; x_wconf 81' lang='lat' dir='ltr'><em>Bipontino.</em></span> <span class='ocrx_word' id='word_1_214' title='bbox 698 3174 876 3246; x_wconf 59' lang='lat' dir='ltr'><em>Primum</em></span> <span class='ocrx_word' id='word_1_215' title='bbox 898 3175 1034 3268; x_wconf 87' lang='lat' dir='ltr'><em>prodiit</em></span> <span class='ocrx_word' id='word_1_216' title='bbox 1052 3197 1109 3243; x_wconf 87' lang='lat' dir='ltr'><em>an.</em></span> <span class='ocrx_word' id='word_1_217' title='bbox 1132 3169 1290 3242; x_wconf 81' lang='lat'><strong>1779-</strong></span> 
     </span>
     <span class='ocr_line' id='line_1_31' title="bbox 159 3270 1385 3349; baseline -0.007 -4"><span class='ocrx_word' id='word_1_218' title='bbox 159 3270 882 3349; x_wconf 57' lang='grc'><strong>001011101111117.1101111011</strong></span> <span class='ocrx_word' id='word_1_219' title='bbox 903 3275 949 3347; x_wconf 84' lang='lat' dir='ltr'><em>G.</em></span> <span class='ocrx_word' id='word_1_220' title='bbox 963 3272 1029 3347; x_wconf 81' lang='lat' dir='ltr'><em>Ch.</em></span> <span class='ocrx_word' id='word_1_221' title='bbox 1046 3271 1188 3345; x_wconf 89' lang='lat' dir='ltr'><em>Crollii:</em></span> <span class='ocrx_word' id='word_1_222' title='bbox 1221 3273 1291 3344; x_wconf 86' lang='lat' dir='ltr'><em>ite·</em></span> <span class='ocrx_word' id='word_1_223' title='bbox 1383 3324 1385 3336; x_wconf 79' lang='grc'>,</span> 
     </span>
     <span class='ocr_line' id='line_1_32' title="bbox 146 3376 1385 3470; baseline 0.001 -24"><span class='ocrx_word' id='word_1_224' title='bbox 146 3384 150 3395; x_wconf 83' lang='grc'><strong>“</strong></span> <span class='ocrx_word' id='word_1_225' title='bbox 177 3401 259 3447; x_wconf 88' lang='lat' dir='ltr'><em>rum</em></span> <span class='ocrx_word' id='word_1_226' title='bbox 282 3379 450 3470; x_wconf 85' lang='lat' dir='ltr'><em>impressa</em></span> <span class='ocrx_word' id='word_1_227' title='bbox 471 3395 522 3452; x_wconf 83' lang='lat' dir='ltr'><em>est</em></span> <span class='ocrx_word' id='word_1_228' title='bbox 544 3378 728 3453; x_wconf 72' lang='grc'><strong>11111792.</strong></span> <span class='ocrx_word' id='word_1_229' title='bbox 750 3380 887 3452; x_wconf 84' lang='lat' dir='ltr'><em>auctior</em></span> <span class='ocrx_word' id='word_1_230' title='bbox 905 3393 941 3450; x_wconf 89' lang='lat' dir='ltr'><em>et</em></span> <span class='ocrx_word' id='word_1_231' title='bbox 965 3376 1184 3451; x_wconf 85' lang='lat' dir='ltr'><em>emendatior</em></span> <span class='ocrx_word' id='word_1_232' title='bbox 1204 3400 1291 3447; x_wconf 86' lang='lat' dir='ltr'><em>cura</em></span> <span class='ocrx_word' id='word_1_233' title='bbox 1384 3448 1385 3459; x_wconf 59' lang='grc'>,</span> 
     </span>
     <span class='ocr_line' id='line_1_33' title="bbox 172 3474 1385 3575; baseline -0.001 -28"><span class='ocrx_word' id='word_1_234' title='bbox 172 3474 300 3549; x_wconf 67' lang='lat' dir='ltr'><em>⁴R&#39;Ch.</em></span> <span class='ocrx_word' id='word_1_235' title='bbox 313 3477 446 3552; x_wconf 79' lang='lat' dir='ltr'><em>Exteri.</em></span> <span class='ocrx_word' id='word_1_236' title='bbox 472 3518 521 3538; x_wconf 89' lang='lat'><em>-</em></span> <span class='ocrx_word' id='word_1_237' title='bbox 572 3479 647 3571; x_wconf 84' lang='lat' dir='ltr'><em>Qui</em></span> <span class='ocrx_word' id='word_1_238' title='bbox 676 3480 828 3565; x_wconf 81' lang='lat' dir='ltr'><em>editores</em></span> <span class='ocrx_word' id='word_1_239' title='bbox 852 3505 959 3575; x_wconf 89' lang='lat' dir='ltr'><em>quam</em></span> <span class='ocrx_word' id='word_1_240' title='bbox 981 3481 1052 3551; x_wconf 90' lang='lat' dir='ltr'><em>sint</em></span> <span class='ocrx_word' id='word_1_241' title='bbox 1075 3479 1289 3549; x_wconf 89' lang='lat' dir='ltr'><em>emendandi</em></span> <span class='ocrx_word' id='word_1_242' title='bbox 1384 3490 1385 3495; x_wconf 77' lang='grc'>’</span> 
     </span>
     <span class='ocr_line' id='line_1_34' title="bbox 178 3579 1289 3674; baseline 0.001 -25"><span class='ocrx_word' id='word_1_243' title='bbox 178 3582 295 3651; x_wconf 90' lang='lat' dir='ltr'><em>studio</em></span> <span class='ocrx_word' id='word_1_244' title='bbox 313 3582 510 3652; x_wconf 87' lang='lat' dir='ltr'><em>inconsulte</em></span> <span class='ocrx_word' id='word_1_245' title='bbox 527 3582 671 3674; x_wconf 82' lang='lat' dir='ltr'><em>grassati</em></span> <span class='ocrx_word' id='word_1_246' title='bbox 689 3583 729 3650; x_wconf 91' lang='lat' dir='ltr'><em>in</em></span> <span class='ocrx_word' id='word_1_247' title='bbox 744 3582 863 3654; x_wconf 84' lang='lat' dir='ltr'><em>Taciti</em></span> <span class='ocrx_word' id='word_1_248' title='bbox 878 3584 1006 3670; x_wconf 80' lang='lat' dir='ltr'><em>libros,</em></span> <span class='ocrx_word' id='word_1_249' title='bbox 1029 3579 1289 3653; x_wconf 76' lang='lat' dir='ltr'><em>doctiores.viri</em></span> 
     </span>
     <span class='ocr_line' id='line_1_35' title="bbox 178 3678 1288 3757; baseline 0 -6"><span class='ocrx_word' id='word_1_250' title='bbox 178 3682 261 3753; x_wconf 85' lang='lat' dir='ltr'><em>satis</em></span> <span class='ocrx_word' id='word_1_251' title='bbox 284 3684 521 3757; x_wconf 75' lang='lat' dir='ltr'><em>aestimarunt</em></span> <span class='ocrx_word' id='word_1_252' title='bbox 577 3684 651 3755; x_wconf 91' lang='lat' dir='ltr'><em>Nec</em></span> <span class='ocrx_word' id='word_1_253' title='bbox 674 3699 793 3756; x_wconf 87' lang='lat' dir='ltr'><em>tamen</em></span> <span class='ocrx_word' id='word_1_254' title='bbox 813 3686 890 3755; x_wconf 87' lang='lat' dir='ltr'><em>sine</em></span> <span class='ocrx_word' id='word_1_255' title='bbox 911 3686 1012 3756; x_wconf 92' lang='lat' dir='ltr'><em>omni</em></span> <span class='ocrx_word' id='word_1_256' title='bbox 1033 3686 1150 3755; x_wconf 85' lang='lat' dir='ltr'><em>fructu</em></span> <span class='ocrx_word' id='word_1_257' title='bbox 1170 3678 1288 3752; x_wconf 82' lang='lat' dir='ltr'><em>Taciti</em></span> 
     </span>
     <span class='ocr_line' id='line_1_36' title="bbox 177 3784 1177 3878; baseline 0.001 -25"><span class='ocrx_word' id='word_1_258' title='bbox 177 3784 289 3854; x_wconf 81' lang='lat' dir='ltr'><em>libros</em></span> <span class='ocrx_word' id='word_1_259' title='bbox 304 3799 541 3856; x_wconf 81' lang='lat' dir='ltr'><em>versavenmt.</em></span> <span class='ocrx_word' id='word_1_260' title='bbox 700 3837 703 3840; x_wconf 79' lang='lat'>-</span> <span class='ocrx_word' id='word_1_261' title='bbox 1171 3872 1177 3878; x_wconf 80' lang='lat'><em>.</em></span> 
     </span>
    </p>

    <p class='ocr_par' dir='ltr' id='par_1_9' title="bbox 118 3878 1290 4178">
     <span class='ocr_line' id='line_1_37' title="bbox 280 3878 1289 3981; baseline 0.001 -23"><span class='ocrx_word' id='word_1_262' title='bbox 280 3885 311 3981; x_wconf 65' lang='grc' dir='ltr'><em>ξ.</em></span> <span class='ocrx_word' id='word_1_263' title='bbox 331 3886 391 3958; x_wconf 79' lang='grc'><em>84.</em></span> <span class='ocrx_word' id='word_1_264' title='bbox 426 3882 560 3956; x_wconf 84' lang='lat' dir='ltr'><em>Editio</em></span> <span class='ocrx_word' id='word_1_265' title='bbox 584 3878 767 3963; x_wconf 80' lang='lat' dir='ltr'><em>Oberlini.</em></span> <span class='ocrx_word' id='word_1_266' title='bbox 824 3886 895 3959; x_wconf 89' lang='lat' dir='ltr'><em>Hic</em></span> <span class='ocrx_word' id='word_1_267' title='bbox 914 3886 1106 3975; x_wconf 86' lang='lat' dir='ltr'><em>editionem</em></span> <span class='ocrx_word' id='word_1_268' title='bbox 1124 3884 1289 3959; x_wconf 65' lang='lat' dir='ltr'><em>‘Et-nestit</em></span> 
     </span>
     <span class='ocr_line' id='line_1_38' title="bbox 178 3988 1290 4085; baseline 0.002 -28"><span class='ocrx_word' id='word_1_269' title='bbox 178 3988 295 4059; x_wconf 89' lang='lat' dir='ltr'><em>denuo</em></span> <span class='ocrx_word' id='word_1_270' title='bbox 313 3990 449 4059; x_wconf 88' lang='lat' dir='ltr'><em>curavit</em></span> <span class='ocrx_word' id='word_1_271' title='bbox 463 3988 736 4081; x_wconf 87' lang='lat' dir='ltr'><em>imprimendam</em></span> <span class='ocrx_word' id='word_1_272' title='bbox 752 4014 898 4085; x_wconf 85' lang='lat' dir='ltr'><em>eamque</em></span> <span class='ocrx_word' id='word_1_273' title='bbox 913 3991 1012 4062; x_wconf 84' lang='lat' dir='ltr'><em>auxit</em></span> <span class='ocrx_word' id='word_1_274' title='bbox 1032 3990 1105 4063; x_wconf 80' lang='lat' dir='ltr'><em>suis</em></span> <span class='ocrx_word' id='word_1_275' title='bbox 1125 3990 1290 4083; x_wconf 78' lang='lat' dir='ltr'><em>animad-</em></span> 
     </span>
     <span class='ocr_line' id='line_1_39' title="bbox 118 4074 1290 4178; baseline -0.002 -13"><span class='ocrx_word' id='word_1_276' title='bbox 118 4084 123 4093; x_wconf 65' lang='grc'><em>”</em></span> <span class='ocrx_word' id='word_1_277' title='bbox 177 4090 501 4178; x_wconf 59' lang='lat' dir='ltr'><em>versionum.</em></span> <span class='ocrx_word' id='word_1_278' title='bbox 514 4090 622 4163; x_wconf 80' lang='grc'><strong>1101.</strong></span> <span class='ocrx_word' id='word_1_279' title='bbox 637 4091 671 4165; x_wconf 80' lang='lat' dir='ltr'><em>o.</em></span> <span class='ocrx_word' id='word_1_280' title='bbox 690 4090 786 4164; x_wconf 78' lang='lat' dir='ltr'><em>von</em></span> <span class='ocrx_word' id='word_1_281' title='bbox 801 4090 847 4165; x_wconf 87' lang='lat'><em>11.</em></span> <span class='ocrx_word' id='word_1_282' title='bbox 873 4131 921 4151; x_wconf 92' lang='lat'>-</span> <span class='ocrx_word' id='word_1_283' title='bbox 973 4087 1169 4167; x_wconf 79' lang='lat' dir='ltr'><em>oberliuus</em></span> <span class='ocrx_word' id='word_1_284' title='bbox 1183 4074 1290 4164; x_wconf 60' lang='lat' dir='ltr'><em>anuh</em></span> 
     </span>
    </p>
   </div>
   <div class='ocr_carea' id='block_1_6' title="bbox 0 0 1400 4642">
    <p class='ocr_par' dir='ltr' id='par_1_10' title="bbox 0 0 1400 4642">
     <span class='ocr_line' id='line_1_40' title="bbox 0 0 1400 4642; baseline 0 2"><span class='ocrx_word' id='word_1_285' title='bbox 0 0 1400 4642; x_wconf 95' lang='lat' dir='ltr'><em> </em></span> 
     </span>
    </p>
   </div>
  </div>
 </body>
</html>
