2792 4642
172 145 249 225 ιω
572 133 883 216 annuctuu
1096 133 1240 231 gen,

1384 203 1386 294 t

173 314 209 371 et
222 296 390 389 cupidine
406 294 614 366 mutationis
629 292 1039 387 suisquoquepericulis
1050 287 1294 369 laetabantur:
1385 305 1386 336 ³

174 399 471 491 increpabantque
495 395 699 481 Tiberim,
736 396 836 489 quod
860 395 901 463 in
923 410 1022 467 tanto
1047 421 1169 467 rerum
1187 415 1297 470 motu

173 501 305 573 libellis
322 513 565 570 accusatorum
589 499 783 569 insumeret
798 522 953 589 operam
1002 523 1052 566 an
1073 496 1207 570 lulium
1222 500 1306 571 Sa-‘

172 604 353 675 crovirum
376 601 567 670 maiestatis
583 599 742 669 'crimine
762 624 866 668 reum
889 599 929 666 in
948 614 1073 669 senatu
1091 602 1191 670 fore?
1229 578 1296 671 eic-

172 706 301 778 stitisse
314 705 458 774 tandem
469 703 591 786 viros„
609 702 672 796 qni
688 701 851 771 cruentas
872 700 1038 792 epistolas
1062 704 1170 772 armis
1187 699 1296 773 cohi-

173 811 309 880 berent
360 806 525 874 miseram
548 829 670 896 pacem
691 803 749 871 vel
762 803 858 872 bello
871 801 963 871 bene
976 805 1118 876 munti.
1169 802 1294 876 Tanto

175 908 369 1003 impensius
383 908 424 976 in
441 907 663 976 securitatem
678 906 913 996 compositus,
938 930 1052 999 neque
1071 906 1295 1018 lom'neque

173 1014 277 1083 vultu
296 1024 452 1094 mutato,
482 1010 543 1077 sed
571 1007 782 1078 ut'solitmn
799 1032 864 1098 per
884 1007 1064 1092 illosdies
1087 1009 1176 1098 egit,
1206 1010 1295 1080 alti-

173 1115 299 1185 tudine
320 1112 432 1182 animi
452 1135 499 1180 an
517 1123 735 1206 compererat
752 1109 894 1178 modica
915 1132 988 1179 esse
1003 1125 1043 1181 et
1061 1111 1214 1201 vulgatis
1238 1112 1294 1181 le·

176 1241 289 1290 viora.

275 1311 386 1388 XLV.
437 1310 586 1384 Interim
608 1312 719 1385 Silius
738 1261 826 1383 ¹cum
847 1257 1047 1403 legionibus
1066 1293 1205 1386 duabus
1233 1291 1295 1384 in-
1331 1323 1336 1328 ’
1385 1257 1386 1282 i

175 1423 302 1492 cedens
318 1416 507 1509 praemissu
520 1416 684 1486 auxiliari
705 1440 815 1485 manu
835 1430 949 1492 vastat
962 1413 1212 1509 Sequanorum
1227 1444 1295 1510 pu-
1385 1457 1386 1508 q

175 1546 253 1613 gos,
286 1518 350 1613 qui
373 1519 500 1592 finium
519 1520 665 1588 extremi
687 1535 722 1589 et
741 1515 879 1587 Aeduis
899 1518 1113 1598 contermini
1133 1520 1294 1614 sociique

178 1626 218 1692 in
255 1621 364 1691 armis
394 1635 505 1694 erant.
572 1618 660 1690 Mox
685 1617 988 1711 Augustodunum
1019 1620 1108 1710 petit
1138 1646 1294 1713 propero

175 1724 332 1816 agmine,
363 1724 579 1793 certantibus
603 1722 695 1794 inter
716 1747 753 1791 se
774 1721 968 1814 signiferis,
991 1715 1163 1793 fremente
1186 1723 1296 1793 etiam

176 1826 335 1918 gregario
353 1825 483 1910 milite,
508 1850 553 1893 ne
573 1839 708 1894 suetam
728 1823 906 1918 requiem,
931 1821 977 1891 ne
998 1823 1112 1915 spatia
1133 1826 1296 1895 noctium

177 1928 415 2021 opperiretur:
453 1927 616 1997 viderent
645 1928 754 1994 modo
782 1927 948 1994 adversos
973 1939 1008 1994 et
1035 1926 1294 2017 aspicerentur:
1385 2009 1386 2014 ἵ

177 2032 217 2102 id
237 2031 321 2120 satis
340 2031 385 2098 ad
403 2029 599 2100 victoriam
623 2101 627 2108 ,
647 2025 909 2097 Duodecimum
931 2028 1027 2122 apud
1049 2029 1204 2121 lapidem
1227 2028 1296 2100 Sa-

177 2133 295 2205 crovir
314 2130 505 2222 copiaeque
524 2129 727 2221 patentibus
745 2128 833 2197 locis
854 2152 1060 2220 apparuere.
1117 2131 1156 2199 in
1174 2131 1295 2201 fronte

178 2246 345 2305 statuerat
363 2233 528 2314 ferratos,
551 2229 592 2298 in
608 2230 777 2299 cornibus
794 2225 976 2315 cohortes,
1002 2257 1023 2302 a
1043 2246 1140 2322 tergo
1161 2256 1296 2303 semer-

177 2359 267 2407 mos.
318 2332 398 2424 lpse
414 2331 508 2401 inter
515 2332 693 2424 primores
707 2357 798 2427 equo
811 2332 944 2421 insigni
956 2334 1071 2418 adire,
1097 2357 1296 2404 memorare

177 2451 311 2508 veteres
328 2431 517 2506 Gallorum
533 2433 680 2523 glorias,
702 2459 861 2529 quaeque
875 2433 1051 2507 Romanis
1071 2436 1217 2506 adversa
1236 2438 1297 2518 in-
1384 2489 1385 2532 3

179 2537 368 2608 tulissents
385 2560 494 2629 quam
509 2537 636 2605 decora
649 2537 846 2607 victoribus
860 2539 1019 2606 libertas:
1045 2552 1179 2631 quanto
1199 2539 1298 2610 into-
1384 2537 1385 2612 l

97 2649 100 2662 '
145 2705 148 2712 .
180 2639 351 2712 lerantior
365 2638 516 2708 servitus
531 2638 660 2707 iterum
676 2638 791 2712 victis.

281 2721 411 2810 XLVI.
445 2738 530 2808 Non
545 2740 609 2808 diu
623 2735 709 2808 haec
722 2764 786 2808 nec
801 2741 896 2831 apud
913 2741 1040 2809 laetos:
1063 2742 1195 2812 etenim
1209 2769 1298 2834 pto-

181 2844 376 2937 pinquabat
389 2841 571 2930 legionum
585 2841 688 2924 acies,
709 2842 953 2935 inconditique
968 2867 1008 2911 ac
1021 2843 1170 2913 militiae
1186 2847 1298 2928 nescii
1383 2867 1384 2932 }

180 2944 352 3038 oppidani
372 2967 487 3038 neque
507 2943 619 3012 oculis
638 2943 915 3037 nequeuntibus
933 2945 1017 3014 satis
1040 2948 1296 3038 competebant.
1383 2973 1384 3028 p

215 3175 364 3227 oltitndbre
382 3174 482 3227 animi.
519 3173 640 3256 intellige
659 3189 719 3255 erm
794 3173 911 3239 glort'crs.
946 3172 981 3227 ut
996 3178 1077 3242 xlta,
1098 3176 1207 3230 decora.
1240 3176 1298 3232 Sal·

93 3265 102 3274 ·
181 3244 359 3297 altitudinem
378 3244 484 3304 animi,
504 3261 586 3313 qnam
605 3259 652 3305 us,
690 3263 719 3295 m
761 3239 1299 3307 lusto-41.rubu1oolle1botcn,sive

181 3311 363 3383 reipublicae
399 3321 523 3375 ruerunt,
546 3263 721 3367 commendat
760 3311 874 3386 gloriam
886 3311 992 3381 saepiu·
1005 3332 1034 3366 re
1054 3324 1175 3366 orniam.

201 3448 248 3502 ulo
287 3446 359 3501 risco
376 3445 438 3503 Liv.
451 3450 478 3510 4,
489 3450 513 3503 6.
532 3448 562 3502 in
574 3439 650 3501 Sulla
682 3448 720 3501 al·
760 3447 887 3503 Beroald.
902 3448 988 3502 Rben.
1006 3470 1066 3522 sqq.
1085 3470 1189 3505 omnes.
1205 3471 1210 3476 “
1225 3452 1299 3507 Gro-

193 3526 246 3571 ust.
262 3466 320 3587 dig.
340 3516 421 3569 ess.
463 3579 466 3584 y
760 3518 814 3570 tius
827 3528 919 3571 tamen
934 3517 1298 3576 ualebato'ntolcnitt‘orob

217 3583 351 3641 (1.4».45.
393 3586 442 3653 qni
458 3586 566 3654 finium
588 3585 720 3638 extremi.
761 3588 855 3639 locum
876 3587 917 3648 12,
937 3589 978 3639 tt.
1003 3588 1049 3639 ubi
1072 3596 1112 3641 est
1135 3591 1297 3645 tolerntr‘or.

184 3652 245 3777 {ui
255 3652 512 3722 soeSequanorum
520 3654 609 3722 pagis‚·
615 3655 721 3722 findam
763 3654 816 3707 Sed
829 3655 1029 3707 t’ntoleroettt'or
1041 3659 1164 3710 rervt'tus
1176 3668 1215 3710 est
1228 3679 1299 3730 quae

182 3725 292 3847 §edict
314 3720 351 3775 cl.
371 3730 430 3774 not.
451 3721 486 3774 ad
502 3724 526 3783 1,
538 3722 609 3789 60.),
631 3719 720 3775 intell.
762 3719 870 3798 tolerari
886 3724 994 3794 nequit;
1012 3724 1200 3790 t‘ntolcratt'or,
1215 3747 1298 3799 quarn
1381 3741 1382 3762 ¹

204 3808 387 3865 equanorum‚
411 3791 538 3843 extremi
546 3790 572 3842 h.
589 3809 612 3842 e.
628 3791 674 3859 qui
690 3791 720 3843 in
761 3790 877 3844 tolerare
906 3790 1013 3846 nolunt.
1063 3793 1170 3847 Etenim
1200 3796 1298 3852 intole-
1380 3837 1381 3846 ,

183 3853 309 3915 extremis
317 3857 509 3929 Sequanorum
520 3858 620 3912 finibus
632 3869 719 3912 erant.
761 3875 843 3922 mm,
860 3859 939 3913 sicuti
952 3860 1002 3913 alic
1016 3863 1145 3931 quaedam
1160 3863 1298 3929 adiectiva,

67 3937 70 3948 “
182 3929 246 3984 Non
265 3928 349 3999 igitur
366 3945 461 3980 omnes
473 3926 665 3997 Sequanorum
675 3946 720 3997 pa·
762 3938 788 3980 et
805 3927 892 3981 activo
910 3938 937 3980 et
954 3930 1058 3999 passivo
1076 3931 1226 4001 significatu
1242 3936 1300 3988 nti-

183 4009 232 4117 {⁰⁸
248 3995 376 4077 uastant,
399 3995 511 4077 sedteos
528 4004 649 4077 tantum,
670 3996 719 4077 qui
762 4005 816 4048 tur.
852 3997 888 4049 cl.
906 3999 947 4060 ll,
963 4002 1001 4051 to.
1036 3998 1108 4080 (ἶιεΙΙτ
1128 4000 1170 4082 193
1181 4000 1208 4052 7.

209 4064 285 4117 eduis
297 4074 459 4118 contermini
474 4074 500 4117 et
512 4082 581 4133 quoa
597 4073 718 4120 eremitas
797 4062 866 4117 Car.
887 4064 931 4119 46.
972 4085 1060 4135 neque
1089 4071 1177 4120 ocutis
1206 4086 1299 4138 neque

183 4131 218 4186 ad
231 4131 386 4189 societatem
396 4141 423 4188 et
434 4143 509 4187 cruta
519 4129 672 4203 pellexerat.
697 4142 701 4148 '
735 4134 880 4187 *omibus
897 4136 968 4189 satis
984 4138 1186 4202 competebant.
1222 4138 1256 4192 tt.
1273 4160 1298 4196 e.
1379 4157 1380 4192 t

182 3379 240 3434 eie
258 3380 292 3433 de
310 3379 356 3433 off.
375 3329 456 3441 idi.
474 3380 616 3450 laudatque
628 3378 658 3431 in
661 3399 719 3502 qro-
796 3380 1005 3434 intolerantior.
1034 3333 1297 3439 diceudMSaedd.
1382 3355 1383 3358 =
