2792 4642
190 116 266 188 soo
563 89 895 186 ‘auulsum
939 121 943 126 ·
1111 108 1247 208 ttsst·

189 286 232 345 nt
251 278 436 341 oontentus
455 279 553 339 esset.
604 264 727 362 Neque
747 291 837 339 raro·
853 291 968 362 neque
982 269 1078 358 apud
1093 296 1224 363 paucos
1242 287 1298 362 ta-

188 376 237 445 lia
258 372 421 442 iaciebat:
454 382 489 438 et
509 383 639 444 secreta
657 394 799 465 quoque
820 370 894 441 eius
912 383 1077 463 corrupta
1089 397 1198 454 uxore
1211 400 1298 467 pro-

186 477 372 547 debantur.
742 533 746 538 ,
1154 497 1157 506 “

190 629 196 648 .
285 571 389 647 VIII.
415 570 528 664 Igitur
543 572 691 644 Seianus
707 575 960 646 maturandum
977 588 1074 645 ratus
1090 578 1213 668 deligit
1232 605 1295 649 ve-

184 703 335 764 nenum,
363 701 435 772 quo
456 675 626 768 paulatim
646 675 828 767 inrepente
847 677 1015 768 fortititus
1034 680 1178 750 morbus
1198 683 1295 750 adsi-

104 771 106 780 ’
183 782 390 852 mularetur.
422 778 461 848 id
474 774 593 848 Druso
612 779 735 848 datum
756 802 821 870 per
836 776 1001 872 Lygdum
1019 783 1228 871 spadonem,
1253 798 1293 854 ut

132 891 136 906 '
181 898 262 955 octo
287 895 369 975 post
394 904 508 950 annos
527 878 710 969 cognitum
731 889 794 953 est.
852 878 1020 952 Ceterum
1040 879 1207 970 Tiberius
1223 890 1294 976 'per

181 1009 306 1058 onmes
321 982 535 1054 valetudinis
549 980 624 1051 eius
636 980 713 1050 dies
728 982 829 1052 nullo
842 994 958 1068 metu,
983 1006 1031 1052 an
1043 998 1085 1056 ut
1100 985 1291 1056 firmitudi-

75 1151 78 1160 ,
181 1112 266 1162 nem
286 1085 397 1165 animi
418 1095 624 1168 ostentaret,
662 1082 769 1152 etiam
789 1087 955 1156 defuncto
975 1087 1129 1158 necdum
1151 1090 1288 1181 sepulto

141 1179 145 1190 ’
179 1191 315 1262 curiam
331 1188 507 1277 ingressus
523 1198 586 1259 est.
619 1186 851 1281 comedesque
872 1190 952 1257 sede
967 1188 1189 1280 mdgariper
1209 1215 1289 1283 spe-

177 1294 270 1368 eiem
294 1289 487 1359 maestitiae
510 1288 669 1374 sedentes
688 1282 836 1358 honoris
858 1284 996 1382 locique
1017 1290 1216 1364 admonuit:
1252 1305 1288 1362 et

177 1395 329 1465 effusum
343 1391 383 1459 in
397 1389 561 1460 lacrimas
573 1403 734 1460 senatum
748 1385 841 1468 victo
855 1390 987 1480 gemitu
1000 1390 1106 1462 simul
1125 1394 1286 1464 oratione

175 1494 345 1569 continua
358 1492 476 1564 erexit.
525 1488 610 1561 Non
620 1493 764 1586 quidem
778 1492 847 1562 sibi
861 1492 1025 1583 ignarum
1049 1518 1151 1585 posse
1172 1496 1284 1585 argeti,

175 1597 272 1694 quod
283 1609 356 1665 tam
369 1593 503 1672 recenti
515 1593 639 1666 dolore
653 1594 805 1668 subierit
813 1596 935 1665 oeulos
949 1609 1103 1668 senatus:
1128 1597 1187 1665 vix
1197 1622 1283 1689 pro-

171 1701 391 1795 pinquorum
404 1695 570 1790 adloquia
583 1696 746 1782 tolerari,
770 1697 830 1766 vir
842 1698 936 1767 diem
951 1697 1059 1790 aspici
1071 1722 1091 1766 a
1104 1699 1282 1794 plerisque

171 1800 381 1892 lugentium.
411 1819 526 1892 neque
540 1797 622 1868 illos
633 1798 886 1871 imbecillitatis
902 1800 1135 1869 damnandos:
1167 1824 1205 1890 se
1227 1815 1282 1871 ta-

172 1928 257 1975 men
280 1901 429 1973 lortiora
453 1900 578 1971 solatia
604 1924 624 1970 e
646 1900 831 1993 complexu
850 1901 903 1970 rei
921 1902 1083 1993 publicae
1105 1903 1281 1995 petivisse.

156 2007 424 2096 ⁴miseratusque
436 1995 615 2092 Augustae
635 2016 825 2074 extremam
846 2016 1048 2089 senectam,
1068 2006 1195 2075 rudem
1216 2007 1299 2075 ad-,

169 2105 242 2190 huc
257 2120 427 2198 nepotum
440 2117 475 2173 et
488 2116 689 2193 vergentem
707 2119 857 2196 aetatem
878 2129 997 2191 suam,
1021 2117 1062 2175 ut
1073 2103 1281 2177 Germanici

167 2210 275 2281 liberi
288 2206 393 2296 unica
402 2205 645 2297 ,praesentium
659 2207 837 2302 malorum
855 2203 1052 2282 levamenta
1066 2208 1279 2279 induceren-

166 2327 243 2396 tur,
280 2307 417 2400 petivit.
474 2303 617 2396 Egressi
637 2309 799 2402 consules
823 2310 978 2382 firmatos
999 2311 1165 2404 adloquio
1187 2312 1278 2381 adu-

66 2459 68 2464 >
163 2410 375 2490 leseentulos
387 2409 627 2503 deductosque
640 2425 721 2480 ante
730 2408 914 2484 Caesarem
926 2409 1092 2484 statuunt.
1133 2412 1278 2501 Quibus

165 2513 365 2608 adprensis,
397 2508 547 2597 „Patres
569 2513 777 2606 conscripti,
808 2509 914 2599 hos‚‘''
943 2514 1077 2607 inquit,
1106 2516 1277 2600 „orbatos

92 2711 95 2716 .
163 2630 334 2712 „parente
349 2612 482 2685 tradidi
496 2629 622 2705 patruo
637 2615 795 2707 ipsorum
807 2628 1035 2708 precatusque
1050 2640 1146 2702 sum,
1160 2642 1277 2711 quan-

162 2842 463 2903 visnomineturdeus.
497 2843 535 2898 cl.
550 2842 608 2899 cic.
621 2840 699 2899 dett.
741 2844 872 2900 vocabulo
886 2843 992 2901 etcie.
1004 2845 1038 2899 ad
1052 2845 1108 2903 div.
1122 2845 1189 2910 4,6.
1217 2846 1273 2900 No·

161 2915 201 2972 D·
219 2914 300 2979 ΗΒ.
740 2924 795 2970 ster
808 2914 977 2986 supr.2,82.

195 2992 227 3040 ut
251 2990 401 3036 contentus
424 2992 506 3044 esset.
553 2980 588 3035 II.
615 2999 640 3035 e.
662 2999 696 3034 ne
771 2987 871 3037 rudem
903 2986 991 3037 αάΙιιω
1018 2993 1161 3051 nepotum.
1215 2984 1273 3037 Er-

159 3049 264 3108 maiora
277 3058 395 3121 cuperet.
424 3047 567 3115 &1252
581 3058 697 3103 conten-
737 3051 838 3107 nestius
852 3051 922 3106 male
935 3051 1087 3123 coniungit:
1105 3057 1205 3105 rudem
1218 3058 1273 3107 od-

160 3129 224 3176 tum
239 3120 347 3171 honore
360 3116 530 3174 Pallantem.
565 3117 637 3173 Ptin.
650 3138 694 3190 ep·
737 3124 789 3176 hue
834 3125 970 3189 nepotum
1012 3130 1134 3173 aetatem
1178 3139 1274 3176 suem.

154 3187 184 3250 ,7,
197 3188 241 3240 29.
257 3189 334 3240 cutus
344 3187 449 3239 honore
460 3196 604 3240 contentus
610 3188 677 3253 suit.
737 3189 826 3243 Immo
846 3191 985 3244 miseratus
1005 3200 1044 3243 est
1055 3193 1160 3242 ‘rudem
1178 3194 1272 3244 adsue

159 3307 163 3312 ,
193 3254 263 3310 Cer.
276 3255 302 3310 8.
320 3263 565 3322 octopostannos.
589 3256 624 3308 ef.
638 3254 694 3309 Dio
736 3268 868 3327 nepotum
877 3268 1001 3313 aetatem
1014 3267 1041 3310 et
1054 3268 1212 3325 vergentem
1224 3278 1273 3312 ae·

122 3369 128 3390 ,
158 3324 265 3407 5s,11.
310 3322 376 3376 Mox
395 3334 456 3378 vett.
481 3326 542 3380 edd.
561 3325 694 3376 veluwe·-
737 3338 827 3380 tatem
862 3346 952 3382 suom.
1004 3327 1136 3448 Nepotes.
1149 3327 1222 3380 enim
1255 3348 1271 3382 e

157 3410 211 3446 ms.
726 3394 966 3450 *Drusohabebat
1002 3395 1037 3449 vi
1056 3415 1159 3449 emoxe
1194 3414 1269 3449 uan-

191 3461 259 3514 sede
279 3460 401 3521 vulgari.
435 3458 470 3513 II.
484 3480 508 3515 e.
525 3480 577 3532 qua
596 3462 694 3583 vulgus
734 3475 917 3587 lquamjsset
940 3465 985 3517 tut
1005 3466 1125 3532 propria
1147 3415 1268 3519 salutes.

157 3537 313 3581 senatorum
340 3525 435 3581 sedere
458 3530 569 3584 solebat.
619 3531 693 3584 Aras
757 3545 887 3592 rnesttum
902 3552 964 3586 cum
975 3533 1027 3586 lide
1039 3542 1144 3588 secutus
1158 3543 1198 3588 est
1209 3534 1269 3587 Ru-

157 3593 282 3660 eonsules
293 3592 391 3661 insigni
404 3596 465 3652 sede
480 3599 632 3653 utebantur.
650 3598 692 3652 Si·
733 3605 844 3675 pertius·
879 3600 1042 3682 Alii·tameu
1060 3602 1158 3655 rectius
1175 3602 1268 3657 locum
1379 3641 1380 3662 .

156 3662 225 3742 mile
237 3660 302 3732 quid
316 3659 418 3742 laetum
433 3665 513 3723 estin
527 3680 615 3722 morte
628 3669 691 3721 Au·
733 3690 890 3746 percepere,
1315 3739 1317 3744 Ι
1379 3711 1380 3720 κ

153 3740 235 3851 qpsotq
263 3728 377 3851 3⁷33
394 3730 443 3851 ²56,
455 3732 504 3818 Ji.
528 3735 690 3860 ὲκαὲθέζοντο
767 3739 923 3808 adprensis.
958 3736 1085 3822 Si⁰ffi⁰fl⁸
1105 3738 1169 3792 MS.
1205 3739 1269 3796 Non

239 3817 261 3868 μ
377 3818 418 3867 ο,
447 3820 484 3863 ως
501 3823 557 3857 που
591 3822 692 3866 καστος
733 3819 772 3864 est
794 3828 887 3869 eausa,
917 3827 1150 3871 curreremus,
1180 3828 1266 3877 quum

153 3861 261 3933 εἰώθει,
282 3869 311 3920 οἱ
328 3863 359 3920 d'
375 3864 475 3938 ὕπατοι
494 3868 569 3927 κάτω
585 3876 617 3929 ἐν
633 3880 691 3938 τοῖς
732 3898 762 3931 su
783 3898 812 3931 rs
830 3876 857 3944 8,
877 3874 919 3930 53.
939 3880 1146 3943 deprenderem
1167 3898 1182 3931 e
1203 3880 1265 3933 eod.
1379 3879 1380 3928 ἶ

150 3928 282 4018 deligas,
301 3932 316 3990 ὃ
330 3936 385 4007 μὲν
397 3938 435 4024 rqi
449 3940 505 3994 τῶν
515 3946 688 4015 στρατηγῶν,
732 3898 793 3998 Ml.
807 3944 835 3997 ln
849 3954 947 3999 textum
960 3945 994 3999 sit
1009 3956 1157 4016 receptum.
1192 3945 1263 4004 Edd.

124 4074 127 4081 Ι
152 4001 266 4071 ottus
279 4023 337 4062 των
352 4007 510 4091 δημαρχων.
540 4079 547 4093 ⁰
731 4014 860 4097 Bendle.
874 4012 995 4096 Rhenan.
1009 4014 1072 4067 Ald.
1086 4034 1145 4099 sqq·
1156 4018 1265 4097 'adpre-

186 4083 202 4136 ,ο
226 4077 378 4137 complexu
400 4094 442 4132 res
464 4080 603 4145 petowe.
624 4149 627 4154 y
645 4081 688 4137 De
731 4083 1182 4153 tensis.ed.ll1essl.apprcns1s.
