2792 4642
102 189 115 318 j
146 161 234 290 loo,
549 193 854 300 13313133
1070 184 1204 307 11ῑῖῗὲ

145 359 253 429 modo
269 368 447 425 oretenus
466 365 654 437 exstantes,
677 348 869 444 aliquando
885 349 1063 419 subtracto
1081 351 1157 419 solo
1180 349 1259 419 dis-

145 460 227 529 iecti
245 471 307 528 aut
328 453 460 529 obruti.
510 477 587 523 non
607 478 676 522 vox
700 466 735 521 et
755 450 873 552 mutui
892 445 1054 520 hortatus
1074 450 1260 537 iuvabant,

146 563 351 632 adversante
364 558 478 627 unda:
509 551 604 625 nibil
618 568 783 636 strennus
804 554 849 623 ab
871 552 1019 642 ignavo,
1050 553 1188 646 sapiens
1209 555 1259 634 ab

145 663 246 748 rudi,
271 661 419 731 consilia
441 683 462 728 a
483 681 565 728 casu
584 657 742 727 differre:
770 669 894 725 cuncta
914 655 994 747 pari
1009 655 1179 748 violentia
1197 656 1260 724 in-

145 765 390 835 volvebantur.
448 758 610 830 Tandem
628 758 796 844 Vitellius
818 758 859 825 in
882 757 1032 827 editiora
1053 758 1171 827 enisus
1194 781 1260 828 eo·

133 870 229 937 dem
251 889 376 956 agmen
395 863 579 934 subduxit.
643 873 894 953 pernoctavere
926 860 1002 927 sine
1032 861 1259 944 utensilibus,

146 970 221 1039 sine
236 968 330 1058 igni,
355 987 483 1054 magna
498 987 579 1056 pars
592 963 691 1048 nudo
712 974 775 1030 aut
792 961 947 1054 mulcato
971 985 1135 1053 corpore,
1159 959 1260 1031 baud

145 1072 265 1139 minus
279 1067 496 1137 miserabiles
509 1087 615 1159 quam
630 1088 719 1157 quos
732 1058 842 1133 bostis
860 1064 1083 1133 circumsidet
1093 1091 1101 1133 :
1110 1098 1116 1110 ·
1125 1063 1261 1157 quippe
1314 1119 1319 1122 .

146 1173 218 1241 illis
233 1171 341 1242 etiam
356 1164 524 1238 honestae
542 1166 667 1235 mortis
684 1188 788 1249 usus,
812 1159 869 1233 bis
888 1165 1083 1254 inglorium
1100 1152 1260 1238 exitium.

144 1273 225 1345 Lux
245 1270 402 1343 reddidit
420 1283 568 1352 terram,
592 1259 884 1360 penetratumque
906 1269 951 1335 ad
970 1282 1109 1337 amnem
1122 1266 1261 1338 Unsin-

46 1461 50 1470 ι
146 1376 234 1466 gim,
258 1359 329 1468 qno
349 1369 479 1442 Caesar
501 1370 609 1439 classe
631 1370 871 1442 contenderat
922 1369 1105 1461 impositae
1130 1370 1260 1439 deinde

145 1479 319 1567 legiones,
342 1473 595 1562 vagantelama
611 1472 825 1540 submersas:
851 1495 917 1540 nec
939 1472 1025 1541 fides
1046 1472 1168 1543 salutis
1192 1494 1260 1539 an-

139 1593 181 1672 te
202 1602 310 1671 quam
322 1573 507 1646 Caesarem
524 1573 783 1666 exercitumque
794 1573 959 1644 reducem
974 1574 1105 1647 videre.
1271 1584 1275 1602 ¹

244 1674 377 1750 LXXI.
427 1673 506 1746 lam
520 1675 711 1746 Stertinius
730 1676 776 1744 ad
795 1676 1038 1767 accipiendum
1051 1676 1090 1744 in
1106 1675 1261 1745 deditio-

145 1806 229 1850 nem
254 1763 475 1870 Segimerum
503 1780 649 1850 fratrem
674 1777 825 1867 Segestis
848 1778 1061 1870 praemissus
1086 1779 1261 1871 ipsomet

145 1884 260 1953 filium
274 1883 348 1952 eius
360 1882 400 1951 in
414 1881 592 1951 civitatem
606 1878 785 1951 Ubiorum
802 1882 1024 1972 perduxerat.
1073 1882 1154 1950 data
1168 1880 1263 1951 utri-

180 2135 336 2180 exstantes.
371 2122 581 2178 Eddsseroald.
591 2121 680 2178 Rben.
725 2123 759 2177 ad
770 2123 872 2177 vietum
884 2134 947 2177 sunt
957 2115 1114 2178 necessaria.
1133 2124 1261 2185 uteo.

146 2195 211 2251 Ald.
225 2204 372 2251 extantes,
389 2191 428 2244 uti
445 2191 543 2259 solent.
725 2192 1126 2261 quasquecopiussrumentiet
1135 2198 1261 2248 omnium

180 2282 237 2316 non
254 2280 319 2317 vox.
354 2261 420 2313 Edd.
434 2260 499 2312 Ber.
515 2270 542 2311 et
558 2258 682 2318 Rbeuau.
725 2262 888 2315 utensilium
910 2280 1033 2331 quaeque
1055 2264 1134 2315 natio
1153 2268 1261 2331 pende-

146 2328 635 2407 33333333,13333531111133333
656 2346 682 2379 e·
725 2339 786 2392 m,-
815 2329 840 2393 3,
859 2331 901 2383 52.
925 2333 1088 2385 utensilium
1113 2338 1215 2401 pretia*
1228 2335 1273 2386 in*

147 2402 215 2458 ditat
231 2417 283 2451 nec
297 2416 371 2460 vox,·
396 2396 470 2470 quod
485 2395 571 2449 Aldus
589 2346 682 2449 edidit.
724 2399 786 2451 dz'es
809 2400 926 2465 augeri3
955 2402 995 2464 15,
1013 2401 1055 2455 89.
1078 2406 1261 2471 subvectaque

145 2470 251 2530 Lipsius
270 2477 296 2521 et
316 2485 373 2539 sqq.
396 2465 459 2519 edd.
479 2464 599 2518 maluere
624 2482 682 2517 non
725 2468 860 2521 utensilia
872 2472 908 2520 ab
921 2467 1010 2521 Ostia.
1182 2481 1187 2498 ·

146 2557 214 2592 vox.
264 2536 392 2608 Ceterum
416 2533 444 2587 in
465 2544 568 2587 vexet
589 2534 684 2596 mutui
758 2541 835 2589 nudo
899 2555 1026 2605 corpore.
1060 2538 1186 2594 Heinsius
1200 2558 1259 2592 rna-

88 2661 91 2666 .
146 2611 279 2663 hortatus
293 2616 332 2659 est
348 2603 378 2658 ἓν
391 2602 438 2656 tut
452 2603 541 2657 δυοῖν.
576 2602 621 2655 Nil
635 2623 682 2672 igr
725 2607 797 2661 lebat
820 2610 875 2658 udo
896 2625 947 2677 pro
970 2611 1059 2670 nudo,
1089 2628 1171 2678 quern
1191 2610 1261 2662 bene

148 2686 192 2731 tur
214 2696 282 2760 opus
296 2672 405 2729 Wolfii
422 2670 614 2726 emendatione
631 2680 684 2724 aut
714 2674 853 2731 refutavit
871 2673 1018 2729 Eruestius.
1062 2676 1167 2731 Omnes
1187 2678 1261 2730 enim

147 2756 239 2799 mutar
256 2743 407 2798 scribentis.
726 2748 781 2798 udo
793 2761 909 2809 corpore
927 2742 1009 2796 fuisse
1026 2745 1188 2812 crediderist
1204 2766 1285 2816 nu·,

183 2816 295 2881 sapiens
314 2813 352 2864 ab
367 2812 441 2864 rudi.
489 2806 557 2862 (lod.
577 2808 638 2862 MS.
657 2818 685 2861 et
728 2814 793 2866 dum
811 2822 900 2865 autem
919 2830 1019 2883 corpus
1038 2834 1095 2868 nou
1113 2816 1206 2870 stricte
1224 2816 1261 2868 de

147 2892 214 2941 vett.
228 2880 588 2946 edd.sapiensaprudcnti‚
602 2895 683 2948 aper·
727 2879 817 2934 omnis
845 2879 954 2935 ‘vestitus
984 2881 1092 2938 delectu
1122 2886 1178 2939 acci
1199 2884 1260 2938 ien-

141 2962 177 3005 ‹to
207 2949 283 3004 vitio.
332 2948 403 3001 Hinc
429 2948 505 3004 varia
532 2946 683 2999 coniecere.
727 2951 792 3003 dum
805 2968 861 3002 esse
876 2967 991 3015 censeo;
1007 2971 1071 3005 uam
1088 2954 1123 3006 3Ιί
1143 2905 1259 3008 311331-

128 3017 268 3090 lipsius:
300 3018 412 3083 sapiens
436 3018 473 3068 ab
497 3016 672 3084 imprudenti
676 3034 685 3078 ;
697 3051 710 3092 ¹,
723 3029 781 3074 tem
794 3017 910 3074 vestium
924 3038 954 3071 ex
964 3019 1043 3076 undis
1056 2973 1217 3086 rettulerint,
1234 3032 1263 3076 31

148 3086 287 3142 Piclrena:
332 3085 449 3137 tirsn'ens
481 3104 501 3136 a
532 3084 670 3150 prudenti
675 3101 685 3147 ;
721 3098 902 3156 corruptum,
937 3108 1090 3158 pannosum
1109 3103 1136 3145 et
1158 3091 1262 3145 autissis

148 3157 356 3237 Lampuguanus
372 3152 685 3221 (Freberus)etFreins-
727 3155 839 3209 sarcinis
868 3155 1049 3227 irreparabile.
1093 3160 1139 3214 Sic
1162 3159 1262 3215 Graeci

139 3225 268 3281 beuuust
286 3222 400 3289 sapiens
409 3222 523 3274 obrude
543 3220 584 3275 vel
594 3224 684 3291 rudi),
727 3234 859 3295 usurpant
877 3245 975 3282 vocem
991 3224 1105 3298 γυμνός.

149 3292 225 3368 quod
239 3292 319 3346 unice
333 3289 532 3412 phlacebatwo
545 3288 592 3342 fio.
628 3291 684 3343 Re·
763 3294 917 3359 Unczngim.
964 3293 1033 3348 cod.
1055 3295 1116 3347 MS.
1142 3307 1169 3349 et
1193 3308 1261 3354 vett.

150 3360 211 3433 cepi
224 3379 287 3413 cum
300 3360 339 3414 Be
358 3358 434 3412 lero.
467 3359 635 3412 Namrudis
652 3359 686 3412 cle
728 3363 790 3415 edd.
817 3363 964 3429 Visurgin,
998 3365 1071 3435 quod
1099 3375 1138 3419 est
1166 3376 1263 3420 contra

117 3473 127 3508 ,Ι
150 3428 279 3502 imperito
309 3428 437 3500 frequens
465 3436 504 3481 est
529 3427 600 3497 apud
625 3427 685 3481 No·
728 3450 841 3483 omnem
869 3430 992 3485 locorum
1019 3432 1108 3486 titum.
1169 3434 1263 3503 Quare

150 3511 248 3555 strum.
295 3496 332 3552 ef.
357 3515 383 3550 c.
400 3496 444 3550 29.
477 3497 504 3556 1,
523 3495 549 3548 8·
584 3495 691 3556 18216.
727 3498 759 3553 Li
779 3499 834 3553 sius
848 3499 964 3554 coniecit
972 3500 1093 3552 Vidium
1108 3503 1263 3567 (11ιίἱίιή-

128 3568 220 3626 zltjst.
234 3568 258 3630 1,
271 3566 313 3620 86.
348 3563 476 3636 lntelligit
488 3563 622 3628 iuniores,
640 3566 686 3638 qui
728 3520 777 3637 lai
795 3566 910 3623 Ptolem.
931 3569 961 3629 2,
986 3570 1026 3621 11.
1075 3570 1178 3644 Alting.
1202 3583 1262 3628 not.

147 3636 234 3692 ‘etiam
252 3634 320 3688 Hist·
338 3635 422 3706 4269·
442 3635 611 3701 sapientibus
633 3654 650 3687 ο
669 3663 685 3684 .-
729 3636 824 3691 Germ.
839 3635 887 3689 inf.
901 3638 1141 3707 p.180.Unsrngrn
1154 3639 1263 3707 (Hunse

140 3705 307 3782 ponuntur,
324 3700 595 3773 utistrenuiignavis.
629 3656 687 3756 Sli-
729 3727 750 3760 s.
765 3707 867 3773 Uace),
910 3706 965 3758 uod
985 3708 1150 3763 recentiores
1168 3728 1263 3764 omnes

94 3817 96 3824 ,
133 3771 234 3850 >piens
247 3771 337 3827 latiori
354 3790 434 3824 sensu
452 3768 536 3828 valet,
554 3781 585 3823 ut
600 3790 687 3844 graec.
729 3791 866 3843 recepere.
926 3773 1034 3827 sichard
1056 3778 1261 3849 1333130311-

153 3838 253 3915 σοφός.
294 3844 337 3895 Ao
355 3842 421 3893 rudi
434 3857 484 3910 per
502 3857 625 3893 errorem
642 3840 687 3894 lu·
729 3841 816 3898 hello:
841 3840 1013 3895 Germam'en
1034 3855 1117 3904 unter
1133 3852 1189 3902 dm
1201 3848 1263 3903 1125.

148 3913 207 3968 'cile
224 3911 313 3984 potuit
331 3908 403 3962 abire
419 3907 449 3960 in
462 3925 484 3959 a
496 3909 593 3975 predi,
614 3910 687 3963 unde
730 3928 818 3963 rucrn.
836 3929 864 3981 p.
879 3911 948 3979 186.)
967 3911 1026 3968 vult
1040 3915 1163 3969 Vidrum
1180 3915 1261 3970 intel.

155 3978 320 4035 emendandi
345 3975 435 4032 studio
457 3974 560 4032 laetum
579 3995 599 4030 a
617 3997 688 4046 pra·
730 3979 749 4033 li
768 3980 841 4050 itque
856 3978 981 4041 fluvium,
1000 3986 1047 4053 qui
1065 3983 1145 4038 bodie
1163 3986 1262 4040 dicitur

154 4048 241 4103 denti.
611 4109 614 4120 q
672 4063 675 4076 ‘
723 4077 724 4080 κ
793 4064 883 4111 mere,
901 4048 970 4103 lacui
986 4052 1106 4105 austrino
1120 4054 1244 4109 influens.

189 4119 250 4171 sine
267 4117 437 4171 utensitibus.
473 4115 689 4169 Utensitr'asunt
787 4133 833 4170 ar.
847 4116 889 4173 71.
918 4121 1092 4188 fitiumeius.
1127 4122 1223 4178 Strabo
1235 4124 1263 4189 7,

155 4181 189 4236 τὰ
203 4180 326 4256 χρειώδη
344 4183 515 4240 Graecorum
532 4182 559 4240 h.
577 4204 600 4239 e.
619 4203 688 4257 quae
713 4204 757 4257 pp.
768 4187 830 4242 291.
843 4187 1021 4245 Sestiactrum
1033 4189 1164 4243 nominat.
