2792 4642
175 113 252 186 344
575 107 887 184 ANNAMUM
1096 102 1244 202 ᾗῐὲῗξ

178 266 311 337 mirum
331 266 398 350 ait,
421 264 1083 361 siquidseverinsineamstatuisset,
1106 285 1301 359 aquave-
1372 333 1373 336 ,

178 366 296 438 neorii
315 367 591 442 insimularetur.
641 367 731 446 Inde
751 392 878 438 umor
897 367 1203 460 parariexitimn:
1228 392 1301 437 ne-
1372 361 1373 366 ’

115 501 121 526 s
179 493 248 563 que
266 469 306 539 id
323 469 573 563 imperatorem
593 470 713 564 palam
732 472 883 555 andere,
907 483 1079 539 secretum
1099 470 1300 562 adperpe-

178 572 347 656 trandum
362 574 497 666 quaeri.
1372 583 1373 638 1

279 671 358 748 LV.
383 673 454 746 Sed
468 673 614 760 Caesar,
636 700 709 769 quo
722 675 854 744 famam
865 687 1054 760 averteret,
1077 674 1200 743 adesse
1216 675 1296 743 fre-
1372 721 1373 738 2

178 798 292 868 quens
310 777 450 848 senatui
469 778 671 870 legatosque
687 774 811 862 Asiae,
835 777 1054 867 ambigentes
1074 800 1233 869 quanam
1252 776 1295 845 in

178 875 320 947 civitate
342 879 516 972 templum
542 892 770 962 statueretur,
806 879 921 971 pluris
948 902 1015 971 per
1038 878 1115 947 dies
1141 878 1293 962 audivit.

179 977 355 1051 Undeeim
365 983 472 1051 nrbes
485 982 667 1052 certabant
680 981 761 1073 pari
772 980 987 1066 ambitione,
1011 980 1150 1049 viribus
1168 980 1292 1049 direr-

179 1104 249 1155 sae.
306 1105 423 1177 neque
441 1084 596 1158 muttum
616 1082 785 1153 distantia
805 1084 901 1153 inter
920 1106 958 1151 se
978 1084 1225 1152 memorabant
1247 1084 1293 1151 de

177 1197 348 1254 vetustate
378 1185 531 1275 generis,
568 1186 687 1255 studio
719 1185 761 1254 in
792 1186 969 1277 popnlmn
992 1182 1200 1255 Romanum
1227 1208 1293 1277 per

178 1279 274 1355 bella
297 1282 399 1355 Persi
426 1299 461 1357 et
486 1283 684 1357 Aristonioi
710 1287 932 1381 aliorumque
958 1307 1098 1375 regum.
1165 1308 1292 1355 rernm

176 1382 387 1481 Hypaepeni
399 1386 645 1483 Trallianique
658 1388 869 1459 laodicenis
887 1413 929 1459 ae
941 1386 1170 1478 Magnetibus
1184 1387 1291 1457 simul

178 1487 333 1559 tramissi
360 1501 401 1559 ut
425 1515 554 1582 parum
577 1491 700 1564 validi.
763 1513 810 1559 ue
837 1489 984 1559 ilienses
1007 1490 1172 1584 quidem,
1208 1488 1290 1568 enm
1372 1529 1373 1566 t

176 1603 359 1682 parentem
378 1592 478 1661 urbis
497 1589 634 1663 Romae
653 1590 802 1662 Troiam
819 1593 1019 1677 referrent,
1039 1591 1111 1660 nisi
1131 1591 1290 1684 antiqni-
1372 1677 1373 1690 ἵ

176 1691 258 1760 tatis
277 1691 389 1781 gloria
405 1695 599 1786 pollebant.
648 1694 797 1787 paulum
818 1694 1078 1778 addubitatmn,
1103 1690 1289 1787 quodHe-
1372 1695 1373 1762 ἶ

176 1791 374 1866 licamassii
385 1795 484 1865 mille
505 1809 541 1867 et
560 1797 741 1866 ducentos·
752 1821 817 1889 per
836 1820 951 1865 annos
970 1796 1073 1866 nullo
1093 1809 1198 1866 motu
1216 1809 1290 1882 ter-

177 1918 237 1964 rae
267 1895 447 1967 nutavisse
478 1899 578 1967 sedes
602 1922 684 1976 suas
707 1898 861 1991 vivoque
886 1899 925 1965 in
950 1922 1032 1986 saxo
1058 1898 1289 1967 fundamenta
1331 1949 1337 1958 .

176 1998 302 2090 templi
327 2000 628 2072 adseveraverant.
685 1998 922 2090 Pergamenos
947 1996 1007 2094 (eo
1027 1998 1104 2091 ipso
1125 2000 1290 2070 niteban-

139 2115 142 2124 '
176 2098 253 2197 tur)
267 2100 352 2174 aede
365 2089 525 2191 Augusto
541 2102 594 2170 ibi
607 2100 673 2170 sita
688 2100 773 2171 satis
786 2103 933 2193 adeptos
944 2101 1129 2178 eredimm.
1167 2096 1291 2194 Ephe·
1372 2133 1373 2152 ³

209 2327 362 2383 statuisset.
404 2325 432 2379 0
452 2326 525 2382 tatir.
545 2330 637 2384 aotist.
672 2328 710 2383 el.
752 2327 789 2384 cs.
807 2325 879 2385 Plio.
895 2349 958 2402 epp.
978 2329 1062 2394 6,16.
1085 2325 1163 2381 Nam
1186 2328 1289 2383 mbn't
1372 2267 1373 2360 i

176 2404 235 2448 not.
252 2395 286 2450 td
306 2393 386 2458 3,55.
407 2347 457 2450 suis
475 2399 563 2455 verbo
578 2400 710 2467 peruerti·
753 2400 895 2469 uastt'sque
916 2399 1085 2453 tremoribus
1108 2406 1182 2449 teuta
1202 2407 1288 2449 nuta-

97 2469 102 2480 '
176 2472 251 2530 rent·
754 2470 822 2520 baut
846 2479 874 2522 et
894 2470 978 2539 quasi
991 2475 1086 2520 emota
1102 2468 1214 2518 sedibus
1228 2467 1288 2519 sats

211 2530 280 2587 Car.
292 2532 337 2588 ⁵5.
367 2537 502 2601 templum
512 2545 714 2601 statuerentur.
753 2541 905 2597 nunebue,
921 2538 1068 2588 nuneiltua
1080 2537 1158 2588 abire
1174 2543 1227 2588 aut
1240 2552 1288 2589 re·

177 2600 214 2659 ef.
231 2621 305 2673 supr.
320 2622 345 2660 e.
360 2604 401 2660 15.
745 2605 826 2676 'ferra'
838 2607 1018 2659 uidebantur.

211 2669 306 2738 Persi.
344 2671 401 2737 Pro
419 2671 531 2737 Persei,
555 2676 713 2734 utsallusb
788 2674 1103 2743 Perguroenosstos'pso
1115 2671 1286 2741 nitebantur)
1372 2681 1373 2712 ³

155 2738 206 2794 'in
219 2739 319 2813 fragm.
335 2740 383 2798 lib.
398 2743 421 2799 l.
441 2743 512 2813 apud
530 2742 714 2798 Priscianums
754 2746 825 2795 aede
841 2746 966 2810 Augusto
987 2742 1028 2793 ibt
1046 2744 1103 2795 sita
1124 2741 1198 2793 satis
1216 2760 1244 2794 a.
1264 2760 1287 2795 a.
1372 2753 1373 2780 t

176 2810 255 2863 Nam
267 2832 286 2862 a
295 2811 454 2875 primordio
467 2813 544 2867 urbis
555 2817 595 2864 ud
607 2816 713 2868 bellum
754 2811 823 2869 Edd.
836 2811 899 2866 Iler.
912 2810 973 2864 Ale.
985 2809 1106 2864 Rhenau.
1120 2828 1196 2882 sqq-t
1219 2809 1287 2862 Per·

103 2923 108 2930 .
177 2876 261 2931 Persi
270 2878 486 2938 Macedonuum.
512 2880 713 2942 abutauro·
753 2880 1181 2950 gemenas(eorbsouitebantur‚
1190 2882 1288 2931 aedem
1360 2877 1363 2890 ⁸

177 2965 244 3000 nor.
261 2946 293 2998 ad
311 2946 367 3006 biv.
386 2950 430 3011 42,
446 2949 490 3002 25.
541 2948 627 3003 Panlo
650 2962 713 3005 ante
754 2952 882 3015 Augusto
895 2951 936 3001 ibi
943 2950 1039 3020 suam)
1053 2966 1077 3001 s.
1089 2965 1117 2998 a.
1131 2964 1169 2999 cr.
1204 2946 1288 3018 lgitur

178 3014 241 3072 eod.
257 3014 320 3070 Ms,
340 3028 366 3075 et
384 3016 446 3071 edd.
464 3016 620 3076 indealac.
637 3017 713 3074 Gro-
756 3037 786 3070 ex
810 3018 998 3072 emendatione
1023 3025 1061 3070 est
1081 3015 1189 3086 vulgata
1212 3026 1287 3086 post-

177 3084 401 3142 nundinantur
416 3087 489 3138 luter
502 3103 549 3150 ss,·
571 3088 631 3141 edd.
648 3089 714 3143 ber.
756 3087 806 3140 bae
827 3086 979 3176 scriptura<
1005 3103 1086 3168 quam
1106 3082 1205 3137 habeut
1229 3083 1288 3139 edd.

177 3147 243 3213 Ales
264 3151 384 3212 Rhenan·
405 3173 466 3226 sqq.
491 3175 578 3227 usque
601 3156 635 3212 ad
660 3156 714 3213 lac.
755 3151 1169 3225 receutt.rndealapsiip1·ima
1185 3172 1304 3206 omnes-¹

178 3216 305 3280 Gronov.
318 3223 391 3274 buer
402 3240 433 3275 se
445 3226 592 3277 distantia.
755 3223 852 3279 Posset
871 3223 951 3278 etiam
971 3222 1036 3294 legis
1058 3222 1088 3276 Ρ.
1108 3226 1152 3281 (eo
1170 3223 1228 3290 tirso
1242 3221 1285 3272 ru‘·
1372 3259 1373 3280 2

103 3307 106 3316 “
213 3306 247 3341 ae
265 3289 451 3358 Magnetibus.
498 3293 545 3346 sic
570 3295 631 3348 cod.
650 3293 714 3349 MS.
757 3295 903 3358 teburrtur)
914 3291 1015 3346 aedem
1029 3294 1063 3344 A.
1079 3290 1119 3342 tu
1135 3290 1223 3342 sitam
1238 3307 1284 3343 ra-

179 3356 240 3410 edd.
254 3369 316 3411 vett.
335 3368 362 3410 et
378 3371 488 3415 reeentt.
502 3362 565 3415 inde
581 3364 613 3416 ab
626 3363 713 3417 Erne-
757 3362 794 3415 us
811 3366 929 3431 adeptos
945 3378 984 3419 er.
1011 3357 1092 3412 'Tum
1111 3377 1170 3412 acc.
1189 3362 1286 3412 aedem

178 3424 240 3479 atio.
264 3436 292 3478 et
299 3427 471 3493 Magnetibus
483 3430 543 3485 edd.
553 3431 623 3503 Lips.
636 3449 697 3503 sqq.
756 3429 855 3503 pendet
873 3450 888 3483 e
907 3431 993 3486 velbo
1012 3432 1143 3492 adeptos.
1162 3438 1191 3480 ut
1205 3427 1286 3498 adpo·

213 3494 434 3556 Batbamasatt.
466 3497 715 3555 Sieeddltbeuan.
756 3498 826 3552 sitio.
862 3497 919 3553 lam
932 3505 1000 3555 verb
1013 3499 1109 3553 verba:
1127 3497 1287 3563 eorbsom'·

153 3566 715 3696 ς’,ἕῙιἸὲαὲἶιίἷὲἶῖἕῗὲῗᾷὓῖἷῙ’Ὺῖεἶῗζὲῗςίἷί
757 3568 951 3692 ‘libitui'
981 3565 1287 3689 :1¹¹t.'t{‡'¹¹lt¹ltl

181 3704 250 3758 Mel,
265 3701 310 3756 Cr.
330 3723 355 3773 p.
372 3704 395 3756 1.
620 3717 623 3730 ¹
718 3714 722 3722 ’
756 3657 1021 3764 isonisidieairtur.
1053 3701 1285 3764 uoliaicarnassii.

214 3774 371 3829 nutavisse.
397 3770 716 3827 Sieedd.Beroald.Ale.
779 3775 804 3826 ic
824 3773 954 3838 Babrdt.,.
969 3723 1167 3832 Woitmann„
1190 3770 1285 3825 Stram-

180 3838 267 3899 Rben.
280 3861 340 3912 sqq.
359 3841 429 3895 baud
449 3841 531 3893 dubie
550 3843 641 3900 ecod.
654 3841 718 3898 MS.
758 3841 850 3905 beck„
866 3841 992 3898 Haelrius.
1026 3840 1079 3893 Sed
1092 3840 1119 3893 id
1129 3841 1152 3894 si
1166 3842 1284 3894 voluisset

146 3913 148 3924 '
171 3914 343 3974 mutavisse,
366 3911 442 3982 quod
460 3909 559 3966 babent
579 3911 715 3965 recentio—
757 3909 881 3973 Tacitus,
907 3912 1081 3964 scribendum
1100 3909 1209 3964 luissets
1238 3910 1284 3960 tu-

180 3998 225 4031 res
243 3998 337 4032 omnes
351 3979 415 4036 inde
431 3979 464 4034 ab
479 3978 627 4043 Oberlino,
649 3979 716 4034 vitio
758 3984 824 4034 dem
852 3981 1027 4035 nitebantur.
1075 3976 1170 4045 Quare
1193 3975 1283 4032 rectius

181 4066 323 4117 operarum
338 4048 429 4103 deberi
441 4047 556 4103 videtur.
593 4048 727 4104 Verbum.
758 4047 819 4108 alii,
843 4058 873 4106 nt
895 4047 1030 4112 Riclrless,
1053 4049 1150 4103 rerba:
1182 4066 1216 4100 eo
1231 4048 1282 4114 uuo

180 4123 281 4172 &dors
300 4116 334 4170 de
349 4136 380 4170 ea
398 4137 428 4172 re
446 4116 500 4182 dici
517 4115 580 4171 satis
599 4124 715 4170 constat.
758 4116 882 4171 referunt
893 4115 927 4172 ed
938 4116 1092 4188 sequentia,
1108 4113 1281 4187 utl’ergame·
