2792 4642
1064 11 1072 44 l

3 249 5 258 ,
178 175 235 251 ao
458 247 460 256 ,
532 169 887 266 [,ΑιιιιΛι.ιυΜ
1103 161 1265 262 tete
1341 226 1346 243 .

182 331 301 422 fulgor
325 339 359 397 ot
386 315 558 396 claritudo
580 326 666 396 deae
683 326 899 398 redderetur.
949 322 1062 415 Igitur
1080 326 1170 396 aeris
1192 350 1292 411 sono,

186 435 353 504 tubarum
367 452 607 521 cornuumque
622 440 796 498 concentu
810 438 977 518 strepere:
1009 431 1115 520 prout
1134 428 1294 520 splendi-

186 537 266 604 dior
279 530 521 614 obscuriorve,
546 530 670 603 laetari
687 543 749 598 aut
760 541 1177 623 maererezet'postquam
1192 537 1291 599 ortae
1384 539 1387 546 ’

186 637 298 708 nubes
317 632 465 703 offecere
481 631 577 702 visui
600 631 842 723 creditumque
862 623 1041 701 conditam
1053 632 1238 716 tenebris,.
1249 644 1292 732 ut

188 752 271 809 sunt
290 734 440 804 mobiles
460 734 506 803 ad
526 733 809 826 superstitionem
831 733 1011 824 perculsae
1024 734 1129 801 'sernel
1142 733 1290 817 mentes,
1388 741 1395 762 “

183 839 256 909 sibi
280 833 638 908 aeternum'laborem
657 834 842 925 portendi,
873 857 936 903 sua
958 834 1116 904 facinora
1136 835 1292 905 aversari

147 1003 149 1012 ,
185 943 270 1011 deos
295 933 555 1010 lamentantur.
592 933 774 1005 Utendum
797 928 1026 1004 inclinatione
1045 934 1294 1022 eaCaesaret,

122 1121 125 1134 Ι
187 1066 277 1138 (piae
287 1064 387 1111 casus
396 1039 581 1123 obtulerat,
593 1037 633 1105 in
641 1036 849 1133 sapientiam
858 1029 1026 1105 vertenda
1035 1052 1132 1108 ratus
1140 1031 1293 1109 circumss

185 1146 231 1213 iri
248 1142 399 1213 tentoria
419 1140 527 1212 iubet.
561 1138 725 1212 ›Accitur
745 1138 903 1208 centurio
922 1135 1086 1207 Clemens
1110 1155 1144 1211 et
1171 1141 1203 1208 sl
1230 1137 1294 1208 alii

185 1336 292 1411 τούμὸν
316 1333 413 1402 αὐτῆς,
445 1331 524 1403 plane
550 1339 582 1383 ut
605 1328 717 1389 Nosterz
758 1333 859 1389 Senem
905 1333 1057 1392 satissime
1104 1357 1135 1392 ex
1178 1346 1293 1409 utraque

107 1463 110 1472 ,
186 1426 262 1478 the
288 1411 446 1473 pergerent.
491 1397 633 1453 'Ceterum
653 1413 718 1457 uota
759 1414 894 1458 structura
909 1354 1003 1459 eodem
1017 1405 1095 1462 redit.
1129 1405 1200 1462 Sunt
1210 1406 1292 1459 verba

187 1475 351 1549 optativum,
381 1473 428 1544 qui
451 1468 552 1523 iudicat
571 1487 627 1521 non
650 1491 719 1542 quae
759 1472 830 1527 haud
855 1490 956 1544 pauca,
1007 1494 1056 1528 uae
1075 1475 1169 1530 eadem
1186 1474 1293 1532 ratione

84 1559 90 1572 ·
185 1561 260 1599 nunc
276 1552 375 1623 agantp
392 1540 438 1594 sed
452 1556 521 1661 (puae
541 1555 625 1608 porro
643 1560 718 1612 pera·
760 1551 883 1595 utuntur.
924 1541 960 1595 cl.
984 1492 1146 1600 flamsborn.
1174 1563 1214 1615 gr.
1243 1542 1291 1596 lat.

185 1608 460 1682 gendainammoba
480 1607 642 1674 ebant3uon
650 1626 718 1678 per·
760 1615 786 1678 §.
807 1609 865 1664 122.
900 1608 957 1663 Iam
972 1629 1025 1664 sue
1035 1612 1171 1680 facinora
1186 1616 1295 1681 aduer-

184 1685 269 1747 gant,
290 1679 338 1731 sed
348 1684 510 1744 pergerent.
759 1678 821 1733 carl
832 1685 903 1733 deos
916 1678 1028 1734 uunime
1041 1682 1162 1754 ineptum
1177 1681 1295 1763 essert-

211 1749 310 1818 sutgor
321 1756 349 1799 et
361 1746 508 1799 claritudo.
525 1754 557 1799 ut
568 1762 719 1817 synonyma
761 1749 823 1812 des3
839 1757 903 1803 'tram
917 1768 967 1801 cur
980 1749 1015 1801 dii
1032 1769 1087 1803 nou
1101 1749 1224 1804 dicantur
1235 1769 1293 1802 rm-

185 1826 262 1871 notat
275 1814 347 1870 Roth
361 1835 389 1888 p.
404 1814 431 1868 7.
760 1818 852 1899 pedire
879 1816 999 1871 facinora
1019 1817 1204 1871 rebellantium
1224 1837 1293 1890 per·

219 1885 296 1938 ueris
309 1902 387 1938 suno.
423 1882 460 1937 cf.
476 1882 599 1941 luvenat.
615 1882 642 1952 6,
655 1883 729 1938 4411.Ι
759 1886 822 1938 tude
837 1895 916 1955 atque
931 1888 1110 1951 odoptrbnem
1124 1886 1192 1940 Hist.
1208 1885 1292 1949 1,38.

165 1953 245 2009 tir.
264 1953 307 2016 26,
323 1954 349 2007 5.
504 1979 508 1988 ¹
760 1954 835 2007 nulla
856 1963 895 2006 est
918 1973 1007 2008 causa.
1056 1954 1095 2008 Αι
1119 1974 1176 2008 non
1200 1955 1292 2009 minus

219 2025 364 2090 perculsae
384 2031 501 2076 menter.
537 2019 589 2076 llic
607 2039 719 2095 quoque
760 2032 852 2093 aptum
867 2026 1061 2088 emoverem,
1081 2040 1166 2093 quum
1182 2023 1292 2077 facino·

187 2090 293 2146 Ernest.
310 2092 419 2160 putabat
432 2089 574 2159 legendum
587 2110 645 2144 esse
654 2108 718 2155 per·
759 2108 822 2143 rum
851 2090 910 2144 voci
940 2090 1003 2146 insit
1032 2092 1107 2144 notio
1135 2092 1291 2153 atrocitatis,

185 2177 291 2215 cessae.
319 2159 380 2212 ¹Sed
397 2158 450 2213 vid.
469 2169 527 2210 not.
546 2158 579 2211 ad
595 2179 621 2213 c.
639 2159 680 2212 12.
759 2158 861 2240 flagitii.
903 2157 988 2212 Buhle
1011 2160 1043 2213 iu
1071 2159 1176 2223 libello,
1207 2180 1291 2233 quern
1316 2187 1320 2215 ι

221 2229 358 2284 aversari.
398 2225 543 2280 Fluctuant
563 2226 623 2280 edd.
645 2228 717 2281 inter
761 2227 866 2308 sempsit
878 2236 972 2281 contra
986 2228 1112 2281 loannem
1121 2228 1175 2282 Hill
1186 2230 1219 2283 de
1227 2230 1291 2284 stilo

186 2298 328 2356 aversari,
351 2294 425 2366 quod
448 2303 487 2347 est
508 2295 578 2364 apud
597 2294 720 2350 Rhenan.
761 2295 785 2347 Τ
786 2296 848 2349 acrti
868 2315 895 2368 p.
909 2296 953 2350 52.
968 2307 994 2350 et
1013 2297 1068 2370 ipse
1087 2297 1290 2368 praeferendum

187 2383 248 2435 sqq.
267 2374 294 2419 et
314 2383 401 2434 nuper
419 2362 587 2423 Lttnemann.
608 2363 720 2418 etBek'-
762 2375 853 2422 censet
865 2366 995 2419 aversari
999 2384 1008 2427 ,¹
1024 2384 1081 2421 non
1103 2377 1191 2420 maten
1212 2378 1293 2439 negat

187 2433 260 2498 ben,
288 2442 315 2486 et
338 2432 498 2491 adver-sort,
522 2432 602 2554 xqlttod
623 2432 720 2486 babent
762 2433 857 2487 'l'acito
868 2425 1018 2488 adversaii
1029 2435 1155 2520 copiungi
1164 2455 1227 2488 cum
1242 2456 1316 2490 ac·¹

187 2502 312 2555 Beroald.
348 2511 374 2555 et
406 2520 493 2573 nuper
573 2499 656 2555 eikert
691 2512 718 2555 et
762 2522 819 2555 cus.
869 2503 949 2555 Putat
969 2515 1056 2555 autem
1081 2522 1140 2555 eam
1162 2505 1290 2576 loquendi

98 2621 101 2626 .
188 2569 313 2625 Weisse.
356 2570 464 2624 Tacitus
491 2580 607 2641 utroque
631 2571 717 2625 verbo
759 2570 902 2623 formulam
918 2589 980 2624 cum
996 2572 1069 2634 aliis,
1087 2583 1116 2625 ut
1131 2574 1249 2638 adipisci
1264 2579 1290 2628 c.'

187 2640 281 2694 utitur.
322 2638 460 2694 Averseri
483 2650 521 2692 est
543 2639 614 2696 nrale
638 2639 718 2691 adlici
759 2639 840 2710 genit.
858 2640 911 2692 Au.
929 2639 954 2701 6,
965 2638 1008 2690 45.
1022 2643 1179 2705 praestitere
1194 2661 1218 2694 c.
1233 2641 1290 2696 dat.

188 2709 275 2779 aliqua
296 2717 341 2769 ιε’,
365 2727 443 2779 aegre
464 2708 553 2780 serre,⁴
575 2706 718 2761 nolle‘ali-
759 2718 786 2761 et
802 2709 960 2770 accus-Au.
976 2705 1055 2770 3,(54,
1080 2710 1176 2771 1229.
1194 2729 1208 2761 e
1223 2728 1291 2763 ver-

165 2775 171 2784 ’
208 2777 268 2839 uid,
286 2788 316 2830 ut
330 2779 490 2832 sermonem
505 2777 617 2832 alicuius
632 2778 683 2829 An.
692 2775 719 2838 6,
759 2775 856 2829 naculo
895 2795 1019 2828 sermone
1061 2786 1120 2831 tum
1161 2778 1290 2851 temporis

185 2797 230 2898 ³6.
244 2846 417 2910 parricidam
432 2844 500 2899 Hist.
511 2845 539 2909 '8,
551 2845 595 2898 25.
612 2849 726 2897 adulta
759 2842 872 2896 florente
887 2845 1046 2898 contraxisse
1059 2839 1200 2906 Tacitum.
1222 2847 1289 2901 dum

188 2915 277 2972 tennes
286 2914 358 2967 Suet.
372 2913 434 2966 Tib.
451 2914 527 2969 att.
563 2914 721 2966 Aduersart'
760 2912 864 2966 iuvenis
878 2913 983 2982 negotia
995 2922 1120 2968 tractaret
1130 2915 1217 2971 civilia
1226 2921 1288 2984 caui
1393 2977 1394 2988 γ

188 2980 319 3051 significat
339 2982 519 3036 adversarium
536 3001 594 3035 esse
608 2982 718 3035 alicuius
751 2999 854 3050 ,sasque
875 2991 1010 3052 peroraret
1028 2983 1149 3053 publice3
1173 3003 1223 3038 nec
1245 3004 1289 3037 eas
1393 2995 1395 3016 ι

188 3048 308 3102 bominis
335 3050 378 3104 vel
404 3051 452 3102 rei.
494 3049 604 3119 Duplici
627 3060 718 3103 autern
760 3049 923 3109 corretiase,
948 3050 1089 3121 sirequod
1106 3072 1161 3106 nou
1177 3052 1288 3106 baberet

189 3116 243 3171 hoc
265 3119 380 3172 uerbum
401 3119 485 3173 utitur
504 3120 716 3172 constructione.
760 3119 936 3170 correctionis
957 3138 1064 3173 causam
1089 3122 1150 3175 satis
1193 3140 1290 3184 racem,

186 3185 303 3240 Ponitur
315 3206 378 3239 cum
392 3187 498 3250 dativo,
520 3198 549 3239 ut
562 3206 586 3240 c.
594 3177 714 3244 27.'com·
758 3186 815 3240 sive
838 3188 911 3255 quod
932 3207 961 3239 er
979 3181 1118 3258 prbposito
1140 3141 1291 3260 indulgeret

189 3257 279 3307 modis
296 3258 451 3320 legionum
479 3258 505 3309 2.
526 3255 569 3308 67.
590 3257 718 3322 paternis
758 3265 847 3326 gratae
887 3256 1061 3327 negligentiae
1100 3259 1127 3309 in
1168 3257 1289 3312 utiuntiis

189 3324 322 3385 consiliam
347 3323 715 3387 attestationiubus.
759 3325 947 3394 grammaticis.
990 3324 1067 3391 Quae
1085 3336 1174 3382 mmeu
1194 3327 1289 3396 opinio
1393 3353 1394 3360 ι

189 3392 215 3445 la
232 3392 333 3444 dativus
350 3393 472 3463 exprimit
488 3394 654 3457 subiectum,
671 3413 718 3449 cu·
760 3411 816 3446 uon
837 3393 898 3445 satis
917 3393 995 3463 digua
1018 3412 1075 3446 esse
1096 3394 1200 3447 ridetur
1220 3397 1291 3460 viro,

188 3459 230 3513 ius
244 3458 340 3530 aliquis
355 3473 394 3514 est
408 3461 588 3525 adversarius„
609 3471 639 3514 ut
653 3482 717 3533 per·
761 3463 807 3532 qui
838 3460 924 3515 Taciti
962 3461 1052 3514 stilum
1090 3459 1290 3538 detrudendum

189 3548 255 3583 sona
270 3529 313 3583 vel
327 3530 409 3583 resin
431 3531 521 3585 dativo
539 3530 625 3602 posita
644 3542 670 3583 et
687 3532 719 3593 ie,
759 3530 910 3600 sumpserit.
948 3529 1061 3588 Minime
1073 3540 1161 3583 autern
1178 3552 1192 3585 a
1207 3534 1289 3603 vulgo

173 3597 237 3670 iqui
250 3596 421 3661 adversatur,
444 3600 557 3658 invicem
570 3600 623 3652 siut
640 3601 718 3669 cogi·
759 3597 838 3651 babet
852 3598 960 3661 Noster,
985 3616 1053 3668 quae
1074 3596 1123 3669 ipsi
1142 3612 1205 3655 sunt
1223 3623 1292 3674 pro-
1393 3627 1394 3662 t

188 3665 262 3730 tandi
277 3666 390 3719 adversi.
425 3667 540 3721 Ponitur
554 3686 618 3721 vero
638 3668 717 3721 etiam
760 3667 828 3738 pria.

188 3754 252 3791 cum
267 3735 434 3799 accusativo,
451 3748 481 3790 ut
492 3736 561 3789 Hist.
577 3738 600 3795 1,
617 3739 639 3789 l.
655 3757 716 3789 am·
794 3745 822 3787 et
843 3737 870 3787 st
889 3736 949 3799 aut,
989 3734 1035 3789 Sic
1056 3735 1119 3790 cod.
1140 3737 1202 3791 MS.
1226 3739 1288 3793 edd.

126 3841 130 3850 ι
186 3805 317 3857 ditionem
344 3803 501 3870 scriptorem
531 3804 596 3858 ibid.
619 3824 644 3858 c.
667 3806 713 3859 38.
743 3802 882 3859 Beroald.
907 3804 1029 3857 Rhenan.
1054 3824 1114 3876 sqq.
1140 3816 1168 3860 et
1192 3809 1219 3859 εἰ
1242 3810 1292 3876 qui

188 3874 385 3938 adopttbnem3
427 3874 464 3925 ib.
486 3877 512 3932 4.
538 3872 580 3927 84.
609 3891 714 3938 regem.
757 3872 827 3937 ulti,
856 3872 917 3926 edd.
939 3873 1015 3942 Lips.
1035 3871 1144 3927 Gruter.
1167 3878 1316 3930 Veterem

86 3999 91 4010 .
187 3941 259 3994 Tum
278 3940 443 3996 accusativus
456 3943 557 3997 iudicat
572 3941 717 4005 obiectum,
758 3943 850 4012 script.
863 3941 967 4000 reduxit
978 3941 1101 3996 Picbena.
1112 3943 1289 4013 (Wopkens.

83 4029 90 4070 ς
188 4010 260 4064 circa
283 4008 356 4082 quod
377 4010 471 4080 aliquis
493 4022 532 4065 est
552 4010 717 4065 adversarius
762 4008 819 4063 vult
831 4019 858 4062 et
869 4010 917 4078 qui
927 4015 979 4064 aut
990 4012 1032 4065 vel
1049 4022 1076 4063 et
1089 4013 1117 4065 si
1132 4014 1185 4079 qui.
1221 4011 1289 4066 Fru-

141 4130 143 4136 ,
187 4076 247 4129 lue.
258 4097 316 4131 eam
331 4097 388 4132 rem
401 4080 440 4132 vel
453 4098 611 4151 personam,
636 4089 730 4149 quam'
760 4089 824 4132 stra.
860 4078 923 4133 Non
943 4081 1015 4133 euim
1039 4100 1133 4132 omnes
1148 4079 1225 4134 bonis
1240 4102 1290 4136 ar-

186 4144 317 4214 impetlire
351 4148 440 4203 studet
478 4159 507 4205 ut
540 4147 717 4206 adversarius.
762 4148 833 4201 tibus
849 4158 939 4219 gratos
953 4149 981 4203 in
999 4149 1095 4217 vulgus
1110 4159 1167 4201 tum
1188 4151 1291 4206 accitos
