2792 4642
170 149 306 251 seu
418 153 609 232 Llss.11.·
649 109 928 235 cenaeos
1089 159 1235 235 aas

56 399 65 408 g
120 314 199 383 mul
219 311 329 381 enixa-
346 324 408 384 est
449 312 548 405 quod
575 335 697 380 rarum
723 311 1059 405 laetumqueetiam
1078 315 1239 386 modicis

120 415 309 510 penatibus
325 426 423 482 tanto
442 414 570 502 gaudio
591 413 788 505 principem
808 413 953 510 adfecit,
984 427 1026 484 ut
1045 439 1120 484 non
1139 431 1231 488 tem-

108 518 313 612 peraverit,
344 514 433 606 quin
453 514 596 610 iactaret
609 516 704 607 apud
718 528 834 606 patres
848 509 941 585 nirlli
953 531 1033 588 ante
1046 513 1232 589 Romano-

119 645 202 689 rum
216 617 377 688 eiusdem
388 616 519 706 fastigii
532 618 610 686 viro
626 617 802 706 geminam
818 619 963 710 stirpem
978 619 1129 692 editam·
1145 646 1229 691 nam

121 734 248 792 cuncta
267 720 373 790 etiam
392 718 538 789 fortuita
558 718 602 787 ad
619 718 772 807 gloriam
787 720 956 792 vertebat.
1008 719 1078 791 Sed
1093 723 1228 815 populo

119 824 185 894 tali
198 824 406 911 intempore
421 819 460 888 id
473 843 615 915 quoque
628 820 790 889 dolorem
801 820 903 907 tulit,
926 834 1095 915 tanquam
1107 839 1242 896 auctus*
1340 907 1344 916 ι

119 926 243 995 liberis
255 921 392 993 Drusus
407 921 555 991 domum
569 920 775 992 Germanici
789 924 900 1013 magis
914 938 1064 1013 urgeret.

101 1063 109 1072 ψ
168 1021 172 1041 “
205 1019 404 1097 LXXXV.
435 1020 574 1093 Eodem
603 1048 697 1093 anno
726 1025 890 1113 gravibus
914 1041 1054 1096 senatus
1082 1026 1231 1099 decretis
1288 1081 1290 1090 ,

118 1127 234 1198 libido
249 1125 625 1195 feminarum'eoercita
640 1140 869 1220 cautumque,
895 1152 941 1196 ne
955 1143 1137 1221 quaestum
1150 1155 1230 1199 cor-

118 1254 208 1324 pore
230 1231 376 1312 faceret,
401 1228 460 1297 cui
481 1251 568 1297 avus
589 1242 648 1299 aut
670 1231 771 1321 pater
791 1241 853 1299 aut
871 1230 1018 1302 maritus
1034 1255 1139 1325 eques
1150 1228 1230 1302 Ro-

22 1373 25 1378 ·
92 1385 96 1396 s
118 1355 247 1401 manns
267 1329 400 1416 fuisset
430 1354 517 1398 nam
533 1327 676 1399 Vistilia
695 1331 871 1421 praetoria
883 1331 1025 1401 ¹familia
1044 1333 1162 1422 genita
1183 1333 1231 1401 li·
1282 1327 1285 1340 ’

52 1511 58 1520 ,
120 1435 272 1505 centiam
286 1431 400 1524 stupri
413 1433 508 1523 apud
520 1432 650 1501 aediles
663 1432 868 1521 vulgaverat
878 1457 977 1503 more
989 1427 1084 1503 inter
1095 1448 1230 1505 veteres

119 1543 278 1629 recepto,
303 1534 366 1627 qui
383 1534 467 1603 satis
480 1558 676 1625 poenarum
689 1535 876 1604 adversum
890 1533 1086 1626 impudicas
1100 1537 1140 1605 in
1154 1537 1231 1636 ipsa
1248 1589 1255 1598 ·

119 1638 337 1731 professione
347 1636 472 1726 flagitii
488 1636 687 1714 credebant.
715 1650 832 1706 exacta
846 1650 879 1706 et
891 1636 1054 1707 aTitidio
1062 1637 1230 1709 Labeone

119 1740 281 1810 Vistiliae
296 1737 443 1824 marito,
466 1737 583 1807 curlin
597 1762 708 1807 uxore
722 1727 843 1809 detic'ti
858 1739 1042 1809 manifesta
1057 1740 1230 1810 ultionem

45 1837 50 1852 “
120 1843 208 1934 legis
233 1840 446 1936 omisisset?X
466 1852 571 1931 atque
592 1839 655 1909 illo
679 1841 931 1930 praetendente
956 1841 1132 1931 sexaginta
1154 1844 1229 1913 dies

120 1946 168 2015 ad
181 1943 456 2032 consultandum
471 1942 571 2013 datos
587 1942 739 2020 necdum
756 1942 981 2034 praeterisse,
1012 1942 1095 2013 satis
1113 1945 1232 2015 visum

121 2048 167 2116 de
184 2044 328 2115 Vistilia
349 2057 517 2128 statuere:
538 2068 658 2137 ¹eaque
680 2044 720 2116 in
734 2039 894 2114 insulam
912 2040 1091 2135 Seriphon
1110 2047 1230 2116 abdita

120 2162 184 2232 est.
234 2140 363 2216 Actum
379 2160 414 2224 et
429 2147 472 2214 de
488 2141 790 2242 sacrisdegyptiis
805 2144 1027 2240 Iudaicisqne
1039 2146 1229 2239 pellendis:

98 2253 321 2341 ‘factumque
335 2262 476 2339 patrum
493 2248 711 2331 consultum,
739 2263 781 2318 ut
800 2264 967 2342 quattuor
985 2249 1100 2318 millia
1120 2248 1231 2319 liber-

120 2353 190 2423 tini
209 2349 347 2440 generis
372 2372 411 2417 ea
434 2349 679 2438 superstitione
701 2350 847 2435 infecta,
873 2351 952 2445 quis
975 2351 1103 2420 idonea
1126 2366 1229 2440 aetas,

119 2456 160 2525 in
175 2453 329 2523 insulam
342 2449 546 2521 Sardiniam
558 2445 772 2520 veherentur
786 2453 987 2522 coercendis
1000 2453 1074 2522 illic
1086 2454 1231 2524 latroci-

119 2559 207 2652 niis:
234 2569 269 2626 et
281 2554 312 2623 si
327 2545 595 2643 ohgravitatem
610 2553 700 2621 coeli
716 2543 934 2640 interissent,
960 2554 1030 2622 vile
1042 2555 1227 2624 damnumz

119 2766 180 2830 gata
202 2764 293 2809 tamen
317 2771 374 2814 non
401 2750 492 2810 minus
516 2749 655 2805 latinitatis
695 2749 740 2805 bie
763 2761 829 2804 sunt
852 2760 970 2810 exacta,
1001 2769 1058 2806 non
1084 2761 1228 2805 exnetwn.

118 2845 199 2880 usum
212 2841 275 2898 prae
289 2841 317 2875 se
329 2820 429 2874 lerunt.
453 2820 489 2874 el.
503 2820 576 2874 Suet.
588 2818 653 2874 Oct.
695 2821 765 2873 Nam
781 2819 919 2873 indefinita
933 2819 1021 2873 adhuc
1039 2832 1101 2874 sunt
1123 2831 1150 2873 et
1168 2839 1229 2891 pos·
1262 2874 1267 2884 ,

119 2915 144 2950 e.
167 2896 225 2948 101.
252 2892 335 2944 liberi
355 2905 443 2941 sexus
468 2889 564 2943 uirilis.
613 2888 652 2943 ld.
695 2898 758 2946 sunt
774 2906 831 2942 esse
846 2888 949 2958 plora*
967 2878 1185 2943 ltaetlroeloco
1200 2889 1236 2941 in·

119 2962 177 3017 Cel.
203 2981 229 3016 e.
252 2960 279 3013 7.
311 2976 401 3011 sexus
416 2958 563 3025 seminini.
611 2957 651 3011 ld.
694 2956 800 3012 uerbis:
814 2958 1230 3012 our-omisissetinonunom

119 3032 185 3088 Oet.
202 3039 245 3085 ³0.
276 3024 320 3081 ³1.
356 3028 471 3080 iuuenes
506 3027 652 3097 utriusque
692 3024 944 3096 aliquodlexigitun
961 3026 1007 3080 sed
1020 3024 1096 3095 plura
1111 3046 1167 3081 esse
1179 3046 1230 3149 po·

116 3118 215 3156 sexus.
692 3105 798 3158 terant,
830 3112 899 3164 quae
921 3094 1075 3148 Labeonem
1103 3095 1178 3168 impu
1189 3117 1230 3150 rs-

153 3164 270 3224 Capua
289 3165 374 3217 libido
382 3165 561 3231 seminarum
573 3181 650 3218 coer·
692 3173 763 3215 senti
801 3160 895 3229 Quare
913 3164 1038 3217 audacter
1055 3182 1161 3234 repono
1173 3183 1230 3218 ex.

117 3241 183 3294 cito.
197 3236 244 3293 ef.
259 3234 334 3287 Suet.
351 3232 414 3286 Tib.
428 3252 452 3287 c.
467 3230 517 3285 35..
692 3239 766 3283 acta.
785 3231 822 3285 ol.
835 3230 929 3301 Virgil.
941 3231 1011 3284 Aen.
1028 3234 1052 3299 1,
1065 3230 1124 3285 909.
1140 3253 1228 3302 quae·

152 3313 257 3361 exacta
274 3314 334 3357 eta
349 3301 406 3355 Tic.
442 3299 489 3355 Sic
509 3300 569 3353 cod.
584 3299 647 3354 MS.
694 3317 759 3352 rere
777 3300 920 3356 eonstiterit
937 3301 1076 3368 sociisque
1092 3312 1230 3357 exacta

116 3388 143 3432 et
155 3376 216 3428 edd.
230 3383 296 3426 vett.
332 3371 369 3424 Ar
382 3368 573 3441 praeeuntibus
587 3368 651 3422 Ver·
694 3368 814 3434 referre.
849 3367 905 3421 lam
921 3368 1103 3423 videsFaerni
1118 3389 1228 3442 quoque

115 3440 459 3510 trunio,cUrsino,·Lipsio
470 3447 610 3491 mutarunt
622 3436 659 3491 in
694 3436 878 3491 coniecturam
892 3437 1014 3490 inutilem
1025 3457 1155 3512 esse‚qm
1166 3451 1228 3494 ante

116 3521 265 3571 exactum,
282 3508 355 3581 quod
369 3498 538 3577 hodie'vnlgo
554 3504 650 3568 editur,
692 3521 743 3557 eur
756 3505 861 3558 volebat
874 3505 973 3558 addere
986 3508 1071 3560 mtto.

116 3594 146 3637 ut
168 3581 202 3633 sil
221 3599 269 3650 pro
287 3579 447 3647 quaesitum
467 3583 516 3627 est.
565 3572 650 3644 Quod
727 3575 863 3627 ultionem
874 3575 956 3640 legis.
981 3575 1016 3628 cl.
1033 3586 1091 3631 not.
1104 3595 1182 3649 supr..
1193 3577 1227 3631 ad

115 3667 256 3725 perperam
274 3646 404 3706 leserunt.
444 3644 513 3696 Nam
532 3644 649 3709 exigere
691 3643 771 3697 0050.
988 3681 991 3686 a

114 3736 247 3789 nusquam
268 3715 297 3767 iu
319 3714 365 3768 tali
385 3723 510 3766 contextu
531 3711 650 3772 invenies
720 3715 762 3780 ¹eie
786 3712 877 3766 saeris
895 3713 1054 3780 Aegyptiis.
1105 3713 1227 3784 Intellige

113 3793 149 3846 ita
162 3786 291 3860 positum,
307 3795 336 3837 ut
348 3783 381 3837 sit
393 3799 544 3850 quaerere,
563 3782 650 3833 inter·
692 3781 795 3838 nultum
812 3779 887 3833 lsidis
907 3779 969 3832 inde
986 3800 1001 3833 a
1017 3781 1106 3835 Sullae
1121 3793 1222 3853 tempo·

112 3874 231 3924 rogam
242 3862 395 3907 constanter
408 3850 435 3903 id
449 3849 651 3921 verbumsigni·
692 3850 768 3902 ribus
776 3847 990 3919 apudRomanos
1000 3850 1174 3903 celebratum.
1190 3849 1227 3904 cl.

112 3929 175 3982 stat
198 3924 357 3990 postulare.
403 3919 460 3972 lam
487 3919 550 3973 satis
575 3929 649 3971 reete
690 3917 814 3987 Bdttiger
827 3918 857 3982 in
870 3916 979 3969 Sabina
992 3916 1018 3978 l,
1035 3935 1062 3987 p.
1080 3918 1139 3971 282,
1174 3919 1228 3971 se.
1309 3955 1314 3964 ,

112 3995 223 4069 quidem
239 3987 294 4042 diei
311 3999 415 4055 potesta
433 3990 517 4055 exr'go
535 3990 572 4039 ab
591 3988 648 4039 ali·
690 3983 919 4057 accepturos.
951 3984 1062 4066 l⁰.⁸‘l'h·.
1072 3987 1111 4045 18,
1122 3987 1147 4038 8.
1177 3986 1228 4040 Ti·

111 4083 180 4135 qno,
198 4069 230 4113 ui
243 4059 427 4122 respondent,
441 4074 489 4110 cur
502 4068 553 4112 etc.
575 4054 647 4108 Tum
689 4053 758 4114 butt,
766 4052 861 4118 155AE
875 4073 940 4125 sqq,
951 4053 1042 4122 abique
1055 4065 1203 4128 interprett.

109 4151 179 4194 vero
196 4149 243 4192 ea,
266 4143 335 4196 quae
350 4124 464 4197 quaesivi
471 4141 483 4188 5
502 4123 574 4179 haud
592 4124 646 4178 du·
722 4126 778 4177 vile
795 4127 944 4176 domnion.
979 4122 1017 4175 Ex
1036 4140 1112 4177 utero
1130 4144 1227 4182 emeat·
1324 4131 1327 4134 ’

158 4202 356 4286 Tacrrosl.
480 4203 491 4223 ³
637 4219 640 4226 ’
778 4192 814 4262 0
909 4235 911 4252 ι
