2792 4642
174 190 265 263 '13⁰
398 187 412 208 “’
590 179 891 260 ANNALIUM
1110 180 1242 281 2:¹32}
1302 271 1305 282 Δ

188 348 268 439 pius
285 341 518 437 speculatores
536 339 654 411 audiri
668 340 849 409 fremitum
869 363 1042 433 equorum
1061 340 1292 439 immensique

187 462 222 518 et
244 446 419 517 inconditi
440 443 589 533 agminis
609 466 780 511 murmur.
793 442 949 516 attulere.
1010 442 1123 534 Igitur
1145 449 1292 539 propin·
1381 474 1386 493 ·

187 575 258 644 quo
273 547 500 638 summae-rei
517 545 719 615 discrimine
727 544 967 636 explorandos
982 545 1138 616 militum
1157 551 1291 619 animos

80 677 84 680 ⁴
186 666 299 736 ratus,
325 672 480 744 quonam
496 647 534 717 id
555 648 661 738 modo
682 646 928 744 incorruptum
948 648 1055 734 foret,
1080 672 1198 736 seeum
1219 653 1291 741 agi,

186 754 296 824 tabat:
330 749 512 822 Tribunos
534 761 569 819 et
582 748 805 822 centuriones
818 747 909 817 laeta
922 750 1059 841 saepius
1075 776 1181 844 quam
1197 777 1292 821 eom-
1382 736 1386 819 ἶ

185 869 285 947 perta
306 852 486 924 nuntiare:
517 850 728 920 libertorum
751 847 1069 952 sewibavingenia:
1095 854 1216 923 amicis
1235 855 1306 946 in·-

142 971 147 983 ’
186 980 259 1026 esse
279 954 533 1026 adulationem:
560 951 591 1018 si
602 950 726 1020 concio
743 964 904 1036 vocetur,
930 952 1177 1047 illicquoque,
1202 981 1290 1049 quae

183 1057 288 1151 pauci
303 1056 501 1149 incipiant,
514 1051 672 1145 reliquos
686 1054 895 1141 adstrepere.
946 1055 1087 1145 penitus
1098 1060 1291 1128 noscendas
1337 1069 1341 1070 ’

182 1174 334 1245 mentes,
365 1181 447 1228 cum
473 1154 595 1234 secreti
616 1168 651 1224 et
672 1152 878 1223 incustoditi
898 1152 991 1225 inter
1009 1157 1174 1228 militaris
1194 1159 1290 1229 cibos

134 1297 139 1302 ·
157 1257 164 1268 ’
184 1274 359 1355 spernant
370 1273 504 1338 metum
515 1257 725 1349 proferrent.

205 1395 218 1410 ‘
280 1375 383 1464 XIII.
435 1388 546 1461 Nocte
566 1402 689 1482 coepta
710 1412 868 1488 egressus
888 1391 1049 1494 augurali
1070 1414 1136 1482 per
1154 1393 1289 1464 occulta

182 1508 216 1565 et
231 1495 397 1592 vigilibus
417 1493 557 1583 ignara,
583 1492 709 1561 comite
730 1517 821 1577 uno,
847 1506 1025 1562 contectus
1046 1488 1214 1568 humeros
1235 1496 1288 1563 fe·

180 1596 260 1665 rina
288 1596 398 1689 pelle,
437 1594 512 1665 adit
537 1608 730 1664 castrorum
759 1594 851 1680 vias,
888 1594 1025 1665 adsistit
1054 1596 1288 1666 tabernaculis
1384 1605 1385 1620 ³

133 1751 136 1762 .
179 1697 378 1790 fruiturque
397 1695 491 1766 lama
512 1695 582 1765 sui:
614 1720 695 1765 cum
715 1691 774 1772 hic
796 1696 1020 1765 nobilitatem
1039 1696 1152 1782 ducis,
1184 1699 1288 1767 deeo-
1383 1625 1386 1770 l

179 1821 257 1868 rem
284 1798 391 1883 alius,
423 1796 571 1889 plurimi
593 1798 817 1889 patientiam,
852 1799 1065 1883 comitatem,
1099 1823 1162 1890 per
1187 1800 1287 1885 seria,
1384 1831 1385 1868 ι

178 1924 243 1993 per
260 1901 356 1970 iocos
371 1901 524 1969 eundem
543 1899 702 1970 animum
722 1891 887 1969 laudibus
902 1901 1036 1980 ferrent
1054 1901 1288 1973 reddendam,-
1384 1983 1385 1988 ἵ

19 1997 247 2096 attan-que
264 2002 411 2092 gratiam
426 2001 466 2069 in
480 2000 554 2070 acie
568 1993 779 2072 faterentur:
807 2001 913 2070 simul
933 2002 1085 2094 perfidos
1107 2015 1142 2071 et
1162 2015 1287 2096 rupto-

177 2127 233 2173 res
253 2105 348 2196 paeis
365 2102 496 2172 ultioni
513 2114 547 2170 et
562 2101 694 2189 gloriae
708 2103 922 2174 mactandos.
975 2100 1074 2182 Inter
1086 2128 1176 2197 quae
1192 2129 1288 2175 unns
1384 2067 1386 2198 l

124 2255 127 2258 -
177 2201 352 2287 bostium,
381 2201 528 2276 Latinae
546 2202 692 2294 'linguae
719 2202 848 2287 sciens,
873 2217 949 2273 acto
973 2207 1018 2273 ad
1039 2206 1174 2275 vallum
1194 2230 1285 2299 equo
1377 2205 1386 2252 t

176 2406 384 2491 bellaretur,
423 2405 599 2478 sestertios
636 2420 820 2492 centenos,
863 2408 896 2478 si
927 2407 1005 2500 quis
1035 2410 1286 2498 transfugisset,

177 2502 335 2578 Arminii
348 2508 492 2577 nomine
509 2507 706 2598 pollicetur.
758 2506 920 2579 Incendit
939 2529 980 2578 ea
1000 2511 1221 2580 contumelia
1232 2511 1287 2579 Ie-

176 2609 323 2701 gionum
345 2610 429 2681 iras:
461 2609 599 2681 veniret
620 2609 714 2695 dies,
739 2610 881 2681 daretur
901 2634 1035 2706 pugna,
1061 2615 1286 2705 sumpturum

202 2875 292 2944 soret.
330 2870 456 2925 Heinsius
471 2870 595 2926 emendat
605 2869 710 2939 ferret,
751 2869 795 2924 bie
803 2878 892 2923 totum
902 2859 1067 2940 praetorium
1079 2869 1132 2924 diei
1143 2870 1286 2943 augurale3

177 2941 251 3013 quod
269 2938 357 3012 placet
373 2939 516 3006 Ernestiof
539 2938 668 2994 Wolfius
681 2939 708 2992 id
750 2939 850 2996 frustra
866 2939 1037 3001 Veniamus,
1065 2940 1207 3010 legendum
1225 2960 1284 2993 csse

177 3028 234 3062 non
256 3008 317 3062 satis
339 3006 452 3062 latinum
474 3027 529 3062 esse
551 2997 662 3073 scribtis
682 3018 710 3066 et
752 3008 898 3075 magostalr'
920 3026 970 3078 pro
992 3011 1130 3073 augurali.
1180 3010 1285 3062 Verbar

121 3117 128 3126 .
176 3077 271 3130 tuebor
290 3073 459 3130 hauddubie
475 3075 708 3148 vulga'tumsoret,
748 3078 923 3144 perocculto
936 3085 964 3128 et
977 3075 1219 3144 negritibusr'gnarn,
1236 3076 1284 3130 alii

176 3149 251 3217 quod
264 3143 312 3216 sie·
335 3144 428 3198 onitur
440 3146 595 3215 profier'et.
750 3141 925 3198 relerunt'ad
943 3145 1141 3215 praecedentia,
1161 3156 1191 3198 ut
1203 3144 1285 3216 expli·

111 3275 115 3284 Ι
209 3215 317 3265 militar
394 3211 440 3265 Sic
459 3210 520 3265 edd.
539 3211 708 3267 Ber..Rben.
751 3214 830 3267 candi
848 3231 927 3267 eausa
943 3213 1031 3265 addita
1051 3232 1107 3266 erse
1126 3213 1285 3278 videantur;

175 3279 339 3362 Lips.›sqq3'
362 3282 503 3361 traditores
528 3281 572 3334 cd.
594 3280 657 3335 ald.
682 3291 709 3336 et
750 3282 810 3341 alii,
839 3293 870 3334 ut
886 3280 1021 3343 Bicldels,
1050 3282 1152 3364 rectius
1169 3282 1283 3336 coniun-

175 3348 707 3484 ””tt1.f¹¹¹1't²¹¹¹{{¹r⁸ttttaaa.
749 3361 919 3491 {ididia
928 3349 1284 3490 ttt'ttttt‘tgfltt

173 3488 322 3551 Augures
337 3489 369 3554 (e.
384 3488 638 3554 auguratorr‘ums.
651 3507 707 3540 ou·
750 3497 789 3540 est
800 3489 948 3558 practorio,
966 3488 1012 3539 sed
1027 3486 1124 3539 deinde
1138 3489 1218 3541 etiam
1231 3506 1284 3558 per

172 3557 357 3628 guroculom)
386 3555 536 3625 secundum
567 3554 707 3625 Hyginum
749 3556 854 3628 occulta
872 3567 900 3609 et
919 3556 1045 3625 vigilibus
1069 3554 1164 3624 ignara
1186 3555 1220 3609 ad
1237 3575 1283 3610 ca·

137 3629 140 3646 ¹
174 3633 250 3696 parte
268 3623 357 3677 dextra
374 3634 413 3677 est
430 3622 557 3694 praetorii
578 3622 613 3676 ad
634 3625 707 3679 viam
748 3631 868 3678 atrorum
879 3625 1072 3692 viasperrenit.

173 3691 421 3767 principamur
441 3691 494 3742 dux
515 3690 544 3743 in
569 3711 602 3744 eo
624 3712 706 3763 augeo
781 3694 880 3744 comite
891 3710 957 3744 uno.
993 3692 1029 3745 cl,
1049 3696 1072 3754 1,
1089 3691 1115 3748 5.

173 3762 247 3815 rium
265 3769 337 3813 recte
357 3777 451 3832 capere
469 3761 563 3831 possit.
603 3758 706 3816 Atrati-
773 3761 873 3828 Jerr'no
886 3763 970 3828 pelle.
1005 3759 1045 3813 Ut
1063 3751 1185 3816 habitum
1204 3780 1282 3815 rnen·

173 3850 223 3888 vus
247 3831 378 3896 augurali
392 3829 467 3881 'riam
498 3827 613 3892 indicat,
651 3848 705 3899 qua
747 3827 1063 3891 tireturGerntanorum‚
1101 3847 1198 3885 uorum
1209 3828 1282 3883 rnul-

173 3900 294 3971 egressue
323 3907 372 3950 est.
419 3894 456 3950 cl·
479 3906 538 3949 not.
561 3898 596 3951 ad
619 3900 641 3961 l,
658 3899 702 3953 60.
745 3896 925 3952 tiiucastris.
944 3896 1015 3968 lips.
1035 3848 1260 3954 ctllermmat.

172 3970 257 4038 Igitur
273 3985 288 4036 e
307 3983 394 4019 cessus
411 3975 464 4023 cst,
488 3983 546 4018 non
583 3985 615 4019 ua
635 3964 704 4020 sole·
778 3967 957 4032 patientiam.
974 4021 976 4026 ,
993 3972 1130 4038 καρτερία.
1165 3968 1282 4021 Sueton.

171 4037 217 4089 bat
277 3986 335 4098 eli,
353 4033 400 4088 sed
411 4045 462 4104 per
473 3984 615 4104 augurale,
630 4035 704 4088 unde
745 4032 796 4088 Iul.
815 4053 839 4087 e.
852 4034 894 4087 68.
911 4038 1136 4101 nepatientiaet
1147 4038 1281 4104 pertina-

125 4131 127 4136 .
171 4054 435 4173 egrell‘insolaum.
479 4103 590 4157 Frustra
613 4104 703 4157 conie-
745 4106 789 4157 cta
805 4104 895 4158 bostis
911 4105 1005 4160 animi
1021 4122 1139 4159 suorum
1150 4107 1282 4176 frange·

170 4180 312 4228 eraverunt
325 4171 442 4245 quidam,
455 4173 616 4230 asanctiorc
627 4182 703 4244 parte
744 4181 854 4230 rentur.

177 2329 262 2373 voce
277 2301 404 2393 magn'a'
419 2302 585 2392 coniuges
601 2319 636 2375 et
651 2327 752 2393 agros
770 2319 805 2374 et
819 2304 986 2398 stipendii
1002 2307 1042 2376 in
1058 2306 1149 2392 dies,
1174 2309 1286 2378 donec
