2792 4642
172 226 231 302 ¹44
582 186 895 298 'anuumuu
1013 177 1017 182 ⁴
1101 205 1238 321 adli:

27 363 29 382 ²
80 425 84 434 ·
177 367 336 453 rnilitum
362 379 588 472 gladiatores,
619 380 682 474 qui
708 401 730 449 e
751 378 894 451 servitio
913 378 1030 451 Blaesi
1052 398 1171 471 crant,
1206 411 1290 483 pars

179 498 329 556 ceteram
358 484 514 554 eiusdem
537 482 710 552 familiam
734 481 927 569 vincirent,
959 484 1022 553 alii
1042 487 1087 554 ad
1113 507 1290 580 quaeren-

177 589 264 658 dum
280 609 406 679 corpus
422 585 699 657 effunderenttu.
749 609 789 655 ac
809 586 849 654 ni
861 609 1010 684 propere
1028 611 1143 681 neque
1159 611 1289 682 corpus

173 690 293 759 ullum
322 688 471 782 reperiri
499 701 534 756 et
557 710 676 759 servos
698 682 869 757 adhibitis
894 689 1106 759 cmciatibus
1129 693 1288 778 abnuere

152 793 320 862 ‚caedem
347 813 461 884 neque
484 788 540 858 illi
561 790 668 859 luisse
693 809 854 882 unquam
875 791 1022 862 fratrem
1031 794 1289 882 'pernotuisset

175 887 274 964 haud
293 893 447 966 multum
465 892 511 961 ab
527 891 630 961 exitio
646 890 752 980 legati
765 891 921 964 aberant.
970 891 1154 964 Tribunos
1167 909 1288 966 tamen
1338 900 1340 904 ’

133 1013 142 1026 ‘
175 1020 217 1066 ac
229 996 444 1088 praelectum
463 1007 657 1066 castrorum
675 1006 870 1062 extrusere:
895 993 1051 1064 sarcinae
1073 997 1287 1085 fugientium

174 1099 347 1190 direptae:
372 1111 407 1166 ct
424 1095 582 1167 centurio
596 1092 769 1166 Lucillins
792 1094 1017 1180 interficitur,
1042 1098 1100 1166 cui
1118 1100 1286 1169 militari-

173 1200 242 1271 bus
258 1198 393 1271 facetiis
408 1197 621 1276 vocabulum
634 1192 754 1280 „Cedo
767 1197 914 1266 alteram
922 1196 938 1219 '⁸
955 1197 1174 1287 indiderant,
1200 1204 1285 1295 quia

173 1304 283 1374 fracta
300 1301 372 1370 vite
386 1299 424 1367 in
437 1312 534 1389 tergo
559 1296 684 1366 militis
711 1298 856 1367 alteram
879 1299 973 1369 clara
994 1325 1080 1369 voce
1101 1327 1141 1371 ac
1162 1327 1285 1373 rursus

173 1405 281 1474 aliam
300 1402 475 1494 poscebat.
534 1414 667 1470 ceteros
694 1399 850 1469 latebrae
878 1414 1012 1488 texere,
1050 1428 1124 1472 uno
1137 1419 1283 1484 ,retento

171 1503 353 1576 Clemente
372 1500 485 1586 Iulio,
516 1502 579 1595 qui
599 1501 819 1593 perferendis
839 1493 995 1572 militum
1015 1506 1191 1591 mandatis
1216 1497 1284 1578 ba·-

169 1607 322 1677 bcbaitur
345 1605 495 1698 idoneus
514 1604 561 1673 ob
580 1618 786 1696 promptum
805 1602 1000 1694 ingenium.
1065 1605 1165 1695 Quin
1186 1609 1298 1701 ipsae

172 1710 266 1782 inter
285 1732 321 1777 sc
339 1706 494 1797 legiones
521 1720 643 1775 octava
671 1711 707 1774 et
727 1705 851 1799 quinta
868 1706 1014 1776 decuma
1027 1707 1160 1779 serrum
1178 1735 1284 1802 para-

168 1811 276 1896 bant,
297 1811 384 1880 dum
397 1808 641 1880 centurionem
654 1821 887 1912 cognomento
903 1806 1081 1899 Sirpicum
1097 1811 1160 1880 illa
1172 1813 1282 1883 morti

170 1905 345 2005 deposcit,
383 1883 701 2004 quintadecumani,
725 1897 898 1993 tuentur,'
925 1909 965 1977 ni
990 1910 1093 1988 miles
1114 1903 1282 1985 nonanus
1391 1911 1392 1914 '

169 2037 291 2109 preces
304 2027 339 2083 et
351 2014 538 2100 adversum
552 2011 773 2103 aspernantis
785 2012 900 2079 minas
914 2011 1153 2088 interiecisset.
1199 2065 1205 2075 ,

199 2199 201 2202 .
269 2143 406 2219 XXIV.
454 2139 551 2215 Haec
571 2144 691 2214 a‘udita
711 2165 919 2250 pupullarum
932 2145 1136 2240 abstrusum
1159 2161 1193 2217 et
1214 2149 1280 2218 tri-
1386 2221 1393 2236 ,

168 2251 319 2322 atissima
341 2270 500 2341 quaeque
520 2245 671 2315 maxime
690 2233 924 2342 occultantem
940 2235 1129 2318 Tibersuiri
1148 2275 1280 2343 perpu-

168 2356 258 2438 lere,
281 2363 323 2421 ut
333 2343 492 2422 Drusum
503 2346 617 2416 filium
632 2371 714 2417 curn
728 2347 946 2439 primoribus
959 2349 1110 2419 civitatis
1123 2354 1280 2422 duabus-

112 2499 114 2504 .
167 2479 238 2558 que
268 2450 455 2546 praetoriis
486 2443 692 2519 cohortibus
715 2450 887 2536 mitteret,
928 2451 1038 2538 nullis
1063 2453 1148 2523 satis
1175 2456 1278 2524 certis

166 2555 358 2639 mandatis,
389 2576 431 2626 cx
449 2575 489 2621 re
509 2551 766 2625 consulturum.
818 2565 853 2621 et
873 2547 1034 2622 cohortes
1053 2555 1187 2625 delecto
1207 2558 1278 2625 mi-

165 2661 228 2732 lite
252 2654 359 2750 su'pra
380 2654 522 2754 salitum
540 2654 708 2727 firmatae.
759 2653 905 2723 additur
924 2677 1053 2743 magna
1070 2682 1152 2748 pars
1174 2679 1278 2750 prae.

164 2761 297 2833 turiani
312 2758 440 2853 equitis
455 2770 490 2826 et
502 2756 634 2827 robora
647 2752 927 2841 Gennanorum,
951 2756 1015 2849 qui
1028 2771 1104 2827 tum
1116 2763 1276 2830 custodes

112 2920 116 2930 .
163 2859 372 2957 imperatori
397 2860 559 2929 aderant:
600 2858 707 2927 simul
739 2857 909 2950 praetorii
933 2859 1127 2949 praelectus
1153 2862 1276 2931 Aelius

197 3093 325 3147 maaet.
358 3084 423 3142 Non
435 3079 596 3155 abfuissent.
625 3084 697 3139 Nam
738 3102 802 3140 rnen
816 3083 882 3138 certi
897 3084 930 3138 de
943 3085 1069 3141 vocabuli
1088 3089 1195 3143 ratione
1208 3088 1273 3143 buc·
1382 3131 1383 3134 ,

94 3191 96 3196 ·
159 3161 296 3218 sententia
312 3165 365 3211 crta
381 3175 474 3209 revera
491 3154 562 3209 haud
579 3153 698 3208 multum
739 3173 825 3225 usque
841 3153 979 3227 prolatum
998 3165 1045 3208 est.
1088 3157 1212 3212 Freinsb.
1234 3159 1273 3211 iu·

164 3233 198 3286 ab
215 3228 296 3282 exitio
311 3227 437 3285 aberam,
454 3234 481 3277 et
493 3222 573 3277 exitio
592 3221 637 3276 ille
651 3243 697 3277 oc·
739 3223 824 3287 dicat,
847 3242 1000 3294 cognomen
1024 3233 1169 3295 paternum
1189 3226 1272 3281 fuisse

163 3300 315 3360 cubuisset,
347 3294 378 3349 ni
401 3304 453 3348 etc.
505 3292 696 3359 Moxeparae
738 3302 769 3346 ut
782 3310 824 3370 ap.
836 3292 932 3346 Horat.
945 3312 987 3363 ep.
1001 3296 1024 3357 l,
1040 3294 1080 3347 13.

163 3372 248 3428 unt,
279 3366 313 3417 ni
329 3393 365 3406 -
381 3363 570 3416 ritteriecisset.
613 3380 637 3415 c.
654 3359 697 3414 ἃᾶ.
773 3362 860 3414 morti
876 3363 1005 3428 deposcit.
1045 3361 1120 3415 Alias
1136 3366 1176 3417 cd
1192 3382 1270 3417 mor·

161 3436 306 3506 deserebat
332 3436 362 3488 in
384 3441 498 3499 pectus,
527 3431 560 3483 m'
574 3455 609 3472 ·-
626 3430 698 3483 otti-
739 3438 806 3493 tem.
841 3429 877 3486 cf.
890 3428 966 3484 Suet.
978 3429 1037 3483 Tib.
1050 3450 1074 3482 c.
1085 3430 1111 3482 6.
1146 3430 1201 3484 Sed
1219 3432 1272 3488 vid.

162 3509 300 3561 nm'esmt.
345 3500 381 3561 at
404 3499 557 3582 llamshorn
585 3516 625 3571 gr.
652 3497 697 3554 lat.
739 3499 935 3566 not.adc.19.
953 3500 1003 3552 sub
1019 3518 1044 3551 v.
1055 3502 1163 3566 pectori
1171 3504 1272 3556 adore.

155 3617 158 3622 .
253 3612 261 3629 ,
739 3577 857 3626 veroa,

159 3576 187 3646 ς.
197 3576 264 3714 012930
276 3658 408 3710 alteram.
440 3651 485 3707 De
498 3650 646 3706 hocverbo
660 3651 697 3706 cf.
773 3651 841 3706 Car.
854 3651 898 3707 24.
936 3653 1022 3705 nullis
1038 3669 1062 3704 s.
1081 3654 1164 3705 certis
1183 3674 1268 3708 mon-
1322 3661 1325 3668 “

83 3746 88 3759 ·
162 3731 242 3784 Voss.
262 3727 296 3780 de
311 3723 401 3779 'Anah
417 3722 470 3785 ΙΙΙ,
488 3721 565 3776 cto.
587 3729 614 3773 et
633 3720 697 3773 Do-
738 3722 829 3785 datas,
853 3741 893 3775 ex
909 3738 941 3773 re
958 3723 1163 3776 consultorum.
1200 3724 1270 3782 Edd.

91 3821 93 3828 ·
162 3811 243 3857 natus
259 3796 293 3849 ad
305 3795 367 3848 Ter.
379 3792 466 3846 Andr.
479 3790 504 3851 4,
517 3791 542 3853 ⁵,
552 3787 595 3843 24.
614 3790 696 3843 etiam
737 3788 864 3844 Beroald.
880 3800 906 3842 et
919 3789 1040 3842 Rhenan.
1059 3789 1191 3858 virgulam
1209 3805 1270 3856 aute

162 3867 294 3926 Schwabe
305 3863 339 3918 ad
351 3860 464 3926 Phaedr.
482 3858 580 3924 aad
736 3874 777 3910 ex
800 3858 938 3912 omittunt.
985 3857 1088 3912 Melius
1110 3879 1174 3913 sane
1192 3862 1278 3933 poni·¹

195 3945 345 4024 Sirpicum
373 3944 518 4017 ffipspufld
531 3959 696 4014 cognomen,
736 3936 791 3978 tur.
836 3927 912 3980 Male
938 3915 1001 3980 edd.
1024 3938 1138 3982 recentt.
1163 3943 1269 4000 poutmt

161 4020 342 4077 tumeler-ivae
359 4035 374 4069 a
391 4017 542 4080 sr'rpando,
563 4010 638 4083 quod
653 4011 697 4076 sit,
736 3996 766 4065 (ἰ)
779 3994 820 4048 ’θῙ
835 3997 872 4066 (ῑ)·
906 3995 1060 4061 Restm»
1076 4007 1178 4052 ulum·
1247 4017 1253 4052 Γ

172 4090 250 4150 ¹rista
266 4105 347 4151 voce,
364 4084 466 4156 ligare,
482 4080 611 4161 nodoque
630 4097 695 4134 con·
771 4081 821 4149 qui
836 4090 898 4134 tum
981 4084 1112 4135 oderant.
1153 4081 1268 4154 August.

160 4111 311 4228 {iringum
339 4153 385 4208 alli
408 4159 520 4224 putant,
544 4146 640 4273 setripip
656 4147 696 4271 ἓ
734 4158 799 4222 post
829 4148 938 4204 cladem
961 4149 1072 4205 variar.
1109 4148 1269 4207 »boloma

620 4235 628 4270 Ι
685 4246 695 4259 ι

162 4225 221 4279 lum
238 4242 319 4277 usum
334 4241 391 4278 erse
404 4239 456 4294 pro
467 4220 531 4275 dte.
565 4218 591 4273 N
737 4220 812 4274 sues
827 4220 893 4277 Oct.
908 4239 933 4277 o·
947 4219 991 4275 49.
