2792 4642
130 165 321 276 ’Μ
397 180 403 194 ’
458 173 564 250 uro.
590 172 640 251 11.
691 153 808 251 clu.
828 180 919 253 ao.
1177 183 1267 269 sat.

128 339 174 408 in
190 333 298 431 parte'
313 355 374 419 ea,
398 325 486 403 dur'n
500 332 674 402 insultant
686 331 789 426 aquis
806 345 987 427 artemque
1005 334 1117 403 nandi
1129 348 1250 407 osteu-

129 454 232 524 tant,
272 435 405 508 turbati
429 447 464 504 et
484 434 630 528 quidam
657 429 777 503 hausti
802 448 896 508 sunt.
959 433 1113 507 Metanti
1138 452 1251 510 castra
1278 475 1284 502 t

129 538 277 614 Caesari
289 534 587 628 Angrivariorum
602 534 791 606 defection
813 549 910 626 tergo
931 537 1133 609 nuntiatur:
1162 542 1251 611 mis-

132 668 196 715 sus
207 643 303 714 illico
317 638 508 712 Stertinius
529 660 611 706 cum
623 637 749 730 equite
769 651 805 709 et
827 650 1004 709 armatura
1022 640 1094 710 levi
1113 643 1194 732 igne
1214 657 1250 715 et

132 746 302 817 caedibus
314 740 500 835 perfidiam
515 739 611 808 ultus
626 752 689 812 est.

237 844 302 917 IX.
335 831 488 914 Flumen
508 837 669 930 Visurgis
690 835 877 912 Romanos
898 836 1164 938 Cheruscosque
1190 846 1251 915 in*-

131 927 333 1021 terflueliat.
384 944 461 1013 cius
483 942 524 1010 in
542 941 621 1033 ripa
643 966 726 1011 cum
745 943 869 1012 ceteris
891 937 1110 1034 primoribus
1126 943 1251 1017 Armi·-

132 1052 221 1142 nius
236 1047 387 1132 adstitit,
412 1044 639 1137 quaesitoque
652 1067 702 1113 an
714 1041 843 1132 Caesar
856 1045 1038 1115 venisset?
1060 1061 1250 1142 postquam

133 1155 260 1226 adesse
284 1151 498 1243 responsum
522 1147 594 1233 cs't,
631 1147 673 1216 ut
698 1145 822 1234 liceret
849 1171 931 1217 cum
953 1148 1062 1218 fratre
1081 1151 1249 1246 colloqui,

148 1416 153 1426 “
174 1423 204 1475 ia
214 1411 300 1491 parta
314 1413 360 1475 ea.
394 1415 423 1476 lt.
436 1436 460 1475 e.
473 1417 502 1473 in
514 1413 674 1480 auxiliorum
715 1409 1168 1501 mumtuncmemorstu'dignum
1178 1418 1252 1486 acci·

135 1491 255 1565 agmine.
279 1487 316 1548 ef.
325 1487 437 1553 Sallust.=
445 1487 503 1559 lug.
515 1488 591 1541 etto.
604 1503 674 1539 nam
716 1483 756 1537 dit
768 1496 829 1557 post
842 1497 992 1559 superatam
1005 1487 1144 1541 Amisiam.
1179 1487 1251 1543 Nam

135 1563 164 1615 s's
185 1564 215 1613 s'rt
233 1576 268 1611 ea
285 1565 369 1626 porte
386 1559 513 1609 curabat.
554 1554 630 1609 Caes.
644 1553 673 1606 ll.
715 1552 746 1607 in
759 1554 863 1620 itinere,
881 1555 928 1608 ubi
939 1554 1023 1610 nimia
1035 1556 1179 1611 necessitas
1192 1577 1250 1612 nou

137 1629 177 1684 G.
195 1632 219 1692 1,
232 1617 274 1682 tt.
292 1630 405 1680 deam
414 1634 530 1698 partem
538 1624 675 1691 pervertit,
715 1634 866 1702 premeret,
893 1634 978 1680 castra
1003 1626 1070 1678 iusta
1097 1627 1251 1682 munitione

157 1717 213 1750 aaa
236 1700 361 1749 nondum
376 1689 489 1761 stamen
509 1693 673 1746 transierat.
717 1692 883 1746 circumdata
902 1711 959 1745 uon
979 1692 1093 1759 fiebaut;
1122 1697 1252 1768 caespites

135 1719 279 1821 iaeserint
317 1761 418 1816 verbai
458 1763 490 1813 irs
516 1771 601 1829 parte
632 1775 674 1822 aa,
717 1758 956 1814 circumdabantur
974 1771 1001 1813 et
1019 1761 1082 1815 inde
1097 1765 1171 1817 velut
1191 1785 1251 1818 mu·

158 1851 282 1908 erperam
294 1830 422 1886 relertad
435 1829 573 1888 aestuaria·
602 1827 673 1882 Nam
717 1846 765 1879 rus
781 1829 949 1893 struebatur,
966 1828 1034 1882 altus
1048 1831 1133 1884 tubus
1145 1835 1252 1888 tintam

134 1906 167 1960 1d
189 1922 241 1974 ,per
266 1922 294 1955 se
317 1898 478 1970 intelligitur
500 1899 533 1966 de
560 1896 674 1952 transitu
717 1895 831 1967 pedibus
848 1895 929 1967 sdper
947 1907 1054 1951 terram.
1089 1899 1181 1971 Neque
1196 1922 1252 1958 me·

135 1969 336 2028 aestuariorum
350 1986 505 2021 sermonem
518 1983 585 2020 esse.
716 1965 842 2019 tabantur
856 1964 936 2018 huius
955 1965 1060 2035 generis
1078 1979 1178 2030 castra,
1202 1969 1251 2025 sed

173 2045 243 2095 dum
264 2041 410 2092 insultarat.
457 2036 492 2090 es.
510 2033 673 2090 liamsborn.
716 2035 868 2088 secundum
884 2032 1011 2088 locorum
1029 2034 1163 2090 rationem
1176 2057 1253 2096 nuuc

139 2110 194 2168 Gr.
212 2114 238 2176 §.
252 2109 310 2161 189.
331 2107 353 2160 l.
368 2109 406 2170 l.‚
424 2101 451 2178 p.
464 2104 524 2159 573.
717 2102 850 2167 rotunda,
886 2121 962 2157 nuuc
995 2102 1142 2175 triangula,
1157 2155 1158 2164 ,
1177 2127 1252 2164 nuuc

174 2180 351 2232 haustisuat.
387 2174 424 2230 cf.
439 2178 463 2240 1,
472 2175 516 2228 70.
532 2173 672 2228 uaurtun-
737 2172 847 2226 uadrata
877 2170 1021 2225 faciebant.
1071 2173 1106 2226 cf.
1123 2174 1251 2247 vegetius

136 2246 362 2316 turgurgt'tr'bus.
716 2190 743 2300 ἓ,
757 2241 782 2293 8.
802 2250 828 2294 et
846 2242 870 2303 1,
882 2241 926 2295 24.
967 2240 1074 2295 Sallust.
1094 2241 1151 2314 lug.
1169 2243 1250 2300 045.

174 2317 405 2369 metarrtt‘castra
423 2311 541 2368 Caesari
556 2309 674 2379 Angrio.
717 2320 814 2364 eastra
830 2343 866 2355 -
883 2311 971 2370 iusta,
986 2312 1049 2364 acsi
1060 2313 1150 2366 dorus
1161 2317 1253 2368 ades-¹

136 2387 255 2466 delectati
273 2385 391 2447 itterga
416 2382 571 2431 nuntiatur.
618 2378 674 2432 Au·
716 2388 792 2438 sent,
820 2381 897 2430 valta
918 2388 1002 2448 atque
1014 2381 1105 2446 fassis
1129 2386 1250 2438 murrae.

137 2453 269 2526 gruarius
305 2447 437 2505 wolfius
477 2457 567 2501 censet
604 2445 674 2499 haud
718 2446 797 2513 Quae
816 2448 839 2499 si
857 2456 977 2518 reputas,
1001 2449 1100 2503 verba:
1128 2454 1256 2507 metanti

136 2520 229 2577 multo
255 2529 317 2573 ante
347 2516 376 2570 iu
408 2517 562 2584 societatem
592 2515 675 2568 Rom.
717 2524 812 2568 castra
827 2515 959 2575 Caesari,
977 2533 1038 2587 egre
1057 2516 1081 2568 ie
1095 2519 1201 2589 explent
1214 2520 1251 2575 la·

70 2596 76 2622 ¹
161 2590 286 2644 erductos
307 2585 500 2640 iGermanico
520 2603 615 2637 eorum
633 2603 676 2636 se-
711 2601 824 2636 cunam.
878 2583 1000 2636 lnnuuut
1020 2536 1161 2639 gestarem
1186 2607 1253 2643 con.

136 2611 187 2713 ges
204 2667 376 2729 peragrante,
399 2655 482 2725 idque
501 2653 626 2706 Tacitum
644 2671 678 2704 ex
717 2650 790 2704 fecto
816 2651 912 2705 itinere
937 2670 971 2705 eo
996 2654 1166 2723 pervenisse,
1204 2656 1252 2711 ubi

135 2728 191 2783 hac
207 2724 361 2778 narratione
381 2743 412 2776 su
446 2722 573 2776 icaudum
595 2720 676 2774 nobis
717 2719 806 2774 hostes
825 2720 998 2772 imminerent
1017 2729 1042 2772 et
1061 2731 1145 2775 castra
1159 2735 1254 2777 sesseut

136 2795 291 2866 reliquisse.
330 2741 449 2847 ttiettili
467 2801 558 2843 tamen
577 2789 676 2861 aliique
718 2789 852 2843 metanda.
887 2788 943 2841 lam
965 2787 1188 2859 Angrivariorum
1204 2793 1252 2846 de.

134 2865 185 2920 laic
212 2864 338 2916 lacunam
377 2858 591 2930 deprehendunt.
641 2858 676 2909 Et
694 2907 699 2923 ,
717 2858 801 2912 sectio
822 2856 989 2911 hauddubie
1008 2876 1058 2910 uos
1077 2858 1151 2913 iubet
1168 2862 1254 2933 suspi-

136 2932 265 3009 prolccto
289 2931 360 2983 inter
379 2947 424 2990 ea,
450 2946 519 3001 quae
540 2929 573 2982 de
591 2936 675 2982 trans·
719 2925 789 2991 cari,
816 2941 875 2979 eam
895 2935 1001 2997 gentem
1022 2926 1099 2998 prius
1118 2940 1256 2999 pacatama

134 3001 274 3077 positione
294 2998 411 3052 militum
428 2997 537 3051 Tacitus
556 2995 677 3051 narrarit
719 3013 808 3075 neque
827 3005 917 3048 tamen
935 2995 1076 3050 verisimile
1090 3009 1144 3061 est,
1160 2998 1188 3052 id
1201 2999 1255 3056 boc

137 3081 169 3125 et
189 3088 257 3141 quae
276 3085 352 3121 nuuc
369 3068 401 3121 de
421 3077 572 3120 castrorum
586 3073 675 3118 meta
718 3065 830 3186 quidem
853 3063 948 3117 itinere
973 3063 1173 3121 aGermauico
1196 3087 1254 3124 esse

136 3140 216 3196 tione
229 3135 338 3208 incipit,
356 3153 464 3189 necesse
475 3142 515 3187 est
523 3131 676 3204 fuisse-plu·
731 3142 830 3187 actum.
884 3132 993 3186 Tacitus
1032 3145 1089 3187 uon
1128 3137 1255 3192 tacuisset

137 3207 214 3264 rium
242 3205 347 3259 dierum
377 3203 502 3285 spatium.
553 3205 591 3255 At
615 3200 676 3272 quis
718 3212 831 3274 propter
847 3201 961 3255 subitam
978 3200 1159 3274 desectionem
1179 3205 1253 3259 dein·

137 3276 250 3331 undem
267 3273 431 3335 adfirmabrt,
448 3269 501 3324 illis
515 3270 609 3326 diebus
620 3288 676 3322 me·
720 3273 897 3326 desecatam.
922 3268 1056 3352 Videntur
1067 3271 1157 3342 potius
1167 3275 1255 3354 priori

29 3389 36 3394 .
138 3354 250 3400 moratu
275 3343 387 3413 dignum
412 3339 513 3410 aliquid
530 3338 677 3393 accidisse?
719 3357 791 3393 anuo
823 3357 887 3393 cum
917 3336 1081 3394 Germanico
1113 3342 1254 3413 pepigisse,

141 3411 233 3481 Quid,
251 3413 273 3465 si
289 3420 398 3481 praeter
416 3427 462 3467 ea,
479 3426 546 3479 quae
559 3407 677 3471 initiae·
720 3407 822 3462 Chauci
840 3407 950 3471 saltent,
975 3408 1143 3463 contermina
1156 3409 1254 3483 Angri-

138 3501 173 3536 re
190 3479 324 3533 inoffenso
341 3476 399 3532 fieri
412 3476 515 3540 solent,
538 3476 604 3529 nihil
616 3492 677 3531 eve·
719 3476 800 3532 variis
821 3496 900 3547 gens,
922 3476 1074 3532 secuudum
1091 3480 1146 3532 Au.
1167 3483 1190 3543 1,
1209 3483 1254 3538 60.

138 3550 199 3606 uit?
238 3550 311 3601 Num
330 3558 409 3618 putas
428 3544 552 3600 Tacitum
572 3562 677 3598 enarra·
718 3555 778 3597 tum
804 3544 833 3598 in
857 3533 1048 3599 commilitium
1067 3547 1161 3602 adsciti
1181 3560 1254 3605 sunt.
1325 3595 1327 3602 ,

139 3630 233 3673 turum
244 3637 310 3679 esse,
325 3617 393 3687 qu'ae
403 3611 502 3668 milites
514 3616 542 3668 iu
555 3613 596 3666 via
609 3630 676 3664 cou·
720 3611 813 3681 Quare
825 3622 852 3666 et
864 3613 937 3667 idem
950 3615 1091 3669 Stertinius
1106 3635 1181 3670 nuuc
1191 3619 1252 3671 mit·

137 3686 267 3749 fabulati,
283 3685 380 3749 iocati,
398 3681 500 3755 epulati
511 3681 583 3736 sint?
609 3680 677 3733 Ger·
718 3684 799 3746 titur,
816 3683 862 3755 qui
876 3684 959 3754 priori
973 3702 1044 3737 auno
1059 3684 1130 3738 iuter
1147 3687 1277 3740 easdem·

138 3757 262 3818 mauicus
282 3771 379 3823 agmen
397 3752 471 3806 duxit
490 3770 539 3822 per
553 3749 675 3803 nationes
709 3763 811 3806 ,entes
835 3770 894 3804 rem
916 3761 1040 3822 gesserat.
1086 3754 1253 3821 Quanquam

159 3834 245 3878 aestas
269 3833 314 3875 aut
337 3820 376 3875 nil
396 3831 492 3874 contra
512 3818 601 3893 ipsum
618 3827 675 3874 uto·
718 3771 878 3874 delectionis
890 3822 1008 3878 nomine¹
1036 3821 1171 3890 uicunque
1185 3819 1253 3874 Ger·

137 3844 254 3956 flentem
280 3890 345 3943 hine
362 3889 465 3942 iactum
485 3899 537 3951 est,
562 3896 593 3940 ut
609 3886 676 3939 iula-
718 3905 864 3942 manorum
882 3900 994 3942 conatus
1015 3839 1068 3941 diet
1086 3887 1170 3950 solet,
1195 3906 1252 3958 quo

137 3960 253 4016 cessitas
282 3958 317 4011 acl
330 3995 335 4000 -
348 3957 485 4029 Visurgim
513 3954 676 4029 perveniret,
718 3956 870 4012 libertatem
895 3975 972 4010 suam
996 3966 1093 4010 eontra
1112 3956 1252 4009 Romanos

137 4029 187 4084 ubi
219 4028 309 4082 hostes
337 4036 429 4087 eraut,
465 4044 534 4096 quos
558 4025 674 4097 petebat.
718 4034 870 4080 tuerentur.
894 4025 940 4079 Sic
952 4024 1016 4077 inlr.
1030 4040 1055 4075 c.
1066 4020 1105 4076 13.
1123 4021 1251 4077 Cherusci

135 4098 180 4153 llri
198 4106 287 4152 castra
305 4103 422 4152 metatus
444 4102 498 4154 est,
532 4109 570 4149 sc.
588 4099 676 4146 castra
718 4093 800 4154 etiam
818 4095 945 4150 dicuntur
962 4090 1105 4161 perfidiet
1118 4089 1251 4159 raptores

135 4166 234 4221 stativa
251 4174 279 4217 et
297 4163 348 4217 rite
368 4159 531 4239 permunita.
569 4159 602 4216 ld
622 4159 676 4230 pri·
716 4162 806 4229 paas'a.
