2792 4642
171 185 223 259 90
340 208 344 216 ,
507 153 515 166 “’
577 155 887 268 aunarium.
979 147 983 153 ’
1043 142 1048 151 ’
1103 149 1241 276 tatas

169 353 299 432 magna
313 363 360 424 ,ex
378 350 494 431 parte,
523 362 588 430 per
610 362 701 432 quae
722 339 856 428 geritur
874 334 1088 411 humus-aut
1108 335 1284 434 exciditur

172 467 326 538 caespes:
359 463 435 511 non
455 440 607 511 tentoria
625 441 835 532 manipulis,
851 505 854 510 ,
869 465 944 512 non
963 444 1120 512 fomenta
1140 446 1284 515 sauciis:

171 549 318 618 infectos
333 567 442 613 coeno
461 555 522 612 aut
540 566 664 612 cruore
687 544 785 635 cibos
805 543 1020 628 dividentes,
1049 546 1205 616 funestas
1227 565 1284 616 te-
1314 569 1317 572 ·

170 651 300 719 nebras
330 660 365 716 et
395 658 448 716 tot
472 640 660 714 hominum
684 645 844 736 millibus
868 639 983 716 unum
1007 644 1080 715 iam
1103 647 1283 741 reliquum

171 753 266 824 diem
292 748 588 832 lamentabantur.
890 827 893 836 ‚
922 813 924 820 ,

168 940 173 947 .
205 865 208 876 ’
271 847 403 923 LXVI.
453 847 560 920 Forte
589 870 704 940 equus
736 847 897 940 abruptis
924 847 1076 918 vinculis
1109 873 1218 940 vagus
1244 865 1283 922 et

85 1001 93 1009 .
169 957 323 1028 clamore
367 951 511 1024 territus
547 950 721 1044 quosdam
766 949 1026 1046 occurrentium
1065 951 1283 1028 ob'turbavit.

167 1072 268 1130 tanta
281 1047 365 1126 inde
383 1051 619 1124 consternatio
641 1050 816 1142 inrupisse
831 1049 1028 1121 Germanos
1048 1055 1284 1141 credentium,

165 1175 212 1232 ut
225 1158 343 1229 cuncti
357 1168 499 1226 ruerent
517 1154 716 1245 adportas,
742 1175 893 1246 quarum
913 1153 1109 1225 decumana
1128 1158 1282 1227 maxime

166 1263 516 1357 ,petebatursaversa
534 1249 630 1325 hosti
654 1268 687 1325 et
705 1256 922 1345 fugientibus
944 1254 1077 1338 tutior.
1116 1255 1281 1346 Caecina,

96 1365 101 1370 ’
170 1374 348 1456 comperto
373 1381 502 1428 vanam
524 1380 598 1426 esse
624 1357 873 1444 formidinem,
912 1382 993 1427 cum
1006 1357 1139 1427 «tamen
1164 1365 1309 1455 neqoe'

169 1463 375 1537 auctoritate
394 1484 509 1554 neque
525 1459 710 1551 precibus,
743 1483 789 1529 ne
813 1461 925 1530 manu
941 1460 1086 1553 quidem
1111 1463 1280 1549 obsistere

169 1581 231 1638 aut
248 1564 401 1635 retinere
423 1562 573 1633 militem
592 1553 726 1655 quiret,
742 1562 933 1654 ‚proiectus
951 1561 992 1631 in
1011 1563 1135 1632 limine
1155 1578 1280 1656 portae

167 1666 392 1739 miseratione
404 1664 564 1750 demum,
590 1663 672 1757 quia
682 1669 758 1755 per.
765 1689 893 1756 corpus
905 1664 1011 1754 legati
1025 1667 1180 1736 eundum
1193 1682 1280 1753 erat,

145 1756 149 1767 ’
167 1770 293 1864 clausit
304 1768 417 1837 viam:
444 1766 550 1840 simul
564 1766 702 1838 tribuni
719 1779 754 1836 et
771 1766 996 1837 centuriones
1016 1765 1145 1837 falsum
1166 1792 1280 1861 pavo-
1298 1785 1300 1790 ’

168 1898 245 1945 rem
266 1893 338 1940 esse
358 1869 581 1941 docuerunt..
990 1921 994 1926 .
1172 1907 1175 1918 »

187 2045 190 2051 ,
266 1968 417 2045 LXVH.
468 1969 572 2040 Tunc
599 1982 796 2040 contractos
822 1969 863 2038 in
888 1968 1064 2062 principia
1095 1971 1280 2066 iussosque

163 2077 260 2148 ’dicta
281 2098 363 2147 cum
381 2073 520 2142 silentio
538 2072 693 2163 accipere
716 2071 884 2163 temporis
903 2095 942 2139 ac
965 2073 1178 2168 necessitatis
1197 2100 1279 2144 mo-

163 2173 389 2251 net:·Unam
409 2175 447 2244 in
467 2173 574 2244 armis
594 2173 758 2242 salutem:
785 2173 846 2242 sed
860 2197 900 2241 ea
914 2174 1062 2243 consilio
1076 2187 1279 2268 temperan-

166 2283 228 2365 da,
251 2276 538 2368 manendumque
553 2274 647 2344 intra
660 2276 811 2361 vallum,
837 2275 950 2344 donec
969 2278 1194 2368 expugnandi
1207 2273 1278 2347 ho-

167 2397 235 2453 stes
265 2404 325 2472 spe
353 2377 500 2469 propius
521 2377 761 2460 succederent:
800 2365 883 2447 mox
904 2378 1065 2470 undique
1088 2404 1294 2472 erumpens,

162 2487 267 2555 dum:
292 2482 357 2551 illa
373 2479 559 2571 eruptione
579 2480 624 2552 ad
639 2474 811 2551 Rhenum
828 2479 1018 2576 perveniri.
1061 2483 1203 2590 ,quodsi
1217 2484 1278 2553 iu-

162 2690 698 2850 ..t‘suuduaitatttt
730 2707 975 2831 ,attactus

56 2867 59 2874 “
162 2866 203 2910 tes
222 2852 338 2907 editores
351 2867 477 2920 recepere
488 2847 614 2901 Rhenani
628 2866 697 2908 con·
773 2845 840 2900 CAP.
854 2847 896 2899 66.
930 2848 1049 2901 Caecina
1125 2850 1275 2918 proiectus.

54 3265 57 3268 ’
161 3262 270 3335 sportis.
304 3259 346 3313 Ab
358 3257 399 3311 hu
413 3258 629 3331 distinguuntur,
646 3278 696 3330 per

162 2925 292 2978 iecturam
320 2918 448 2983 egeritur.
491 2916 548 2969 Sed
572 2909 698 2977 hicnon
739 2915 812 2969 {dem
830 2911 983 2970 factumssin
998 2916 1135 2972 Plutarch.
1150 2916 1275 2989 Pompei.

162 3002 203 3046 est
223 3007 313 3042 sermo
324 2986 366 3052 ¹de
388 3002 483 3053 agere
502 3004 518 3038 e
539 2984 611 3039 focca
633 3003 696 3065 ege·
739 2985 772 3037 ab
785 2984 842 3037 init.
860 2987 1020 3044 memoravit
1033 2986 1064 3037 Li
1085 2986 1139 3041 sius
1154 2986 1187 3039 ad
1201 2985 1254 3040 tul.

158 3057 265 3118 «rend03
297 3072 392 3107 verum
417 3002 450 3106 ie
469 3072 565 3124 aggere
589 3053 697 3134 longius
771 3070 906 3115 pavorem
927 3073 994 3109 esse.
1030 3005 1191 3110 Vtiotfiuse
1208 3055 1285 3111 cod.

160 3125 280 3200 petendo
298 3121 505 3176 adstruendum
517 3121 633 3185 vallum,
649 3141 697 3192 qur
738 3120 800 3174 MS.
809 3141 872 3176 cum
880 3123 934 3178 lac.
943 3122 1088 3181 Gronovio
1095 3125 1216 3181 voluerat
1224 3144 1273 3178 re-

161 3194 265 3267 gerim
285 3192 310 3247 h.
329 3210 353 3243 e.
376 3200 501 3272 portatur
525 3189 645 3245 corbulis
671 3194 698 3245 ct
738 3190 805 3313 §oui
836 3208 908 3255 esse,
951 3193 1027 3265 quod
1056 3194 1138 3265 vulgo
1173 3195 1276 3247 deerat.

760 3258 793 3312 ed
807 3279 903 3330 operae
915 3280 973 3313 non
989 3268 1143 3334 paruerunt.
1177 3262 1272 3315 Liine-

159 3351 229 3405 quae
243 3328 372 3383 exciditur
384 3346 501 3398 caespes.
559 3375 563 3380 .
643 3343 648 3348 ·
739 3348 855 3382 mannus
885 3329 980 3393 habit3
1014 3329 1151 3384 Bekkerus
1180 3330 1275 3387 omisit

186 3397 410 3453 'nonientorin'
424 3397 581 3464 manipulis.
632 3396 695 3451 sat·
738 3417 802 3451 curn
820 3398 960 3452 Rhenano.
999 3397 1049 3451 Ed.
1070 3395 1272 3465 &waldipe-

159 3468 261 3526 masius
280 3466 313 3518 de
332 3464 389 3542 mil.
410 3465 443 3518 R.
467 3465 578 3538 propter
597 3485 696 3523 vocem
738 3479 835 3519 uorem
850 3484 918 3520 esse.
1146 3531 1150 3540 Ι

160 3538 284 3595 tentorio
330 3534 420 3587 utabat
442 3535 594 3606 manipulos
620 3534 648 3588 h.
674 3533 693 3588 l.
772 3535 894 3594 Can.67.
930 3535 1062 3601 temporis
1071 3539 1271 3591 nenecessita-

160 3628 217 3664 esse
231 3554 428 3668 conminuta}
461 3623 521 3656 uem
537 3604 693 3658 tenerem·
738 3606 782 3658 tia.
818 3603 848 3660 ἓν
862 3599 909 3658 διὰ
921 3603 1009 3657 δυοῖν.
1039 3603 1120 3657 Roth.
1156 3606 1216 3660 ..⁹12

158 3676 228 3733 tavit
245 3671 396 3739 -Ernestiuc
441 3621 476 3725 ‘is
500 3682 589 3724 tamen
610 3690 694 3743 aeque
770 3691 818 3739 cpe
831 3674 951 3739 propriis.
987 3671 1097 3744 Virgula
1155 3674 1210 3728 olfii
1225 3676 1272 3729 iu-

159 3746 272 3808 fallitur,
289 3742 439 3804 arbitratus,
458 3738 622 3798 vocabulum
635 3760 695 3794 naa·
737 3752 779 3794 ter
805 3750 947 3821 utramque
972 3760 1069 3796 rocem
1098 3742 1175 3796 nihili
1206 3755 1272 3810 erat,

71 3855 74 3860 -
158 3814 319 3888 nipulorum
338 3809 458 3864 hiccine
477 3807 553 3878 omui
570 3819 694 3890 respectu
736 3808 1113 3880 quarodeievrcumsseiiero.
1124 3812 1271 3874 Suuteiur·

104 3879 108 3884 ⁴
159 3882 342 3954 tentoriorum
371 3876 493 3949 usurpari
523 3888 549 3930 et
574 3888 694 3947 potuisse
736 3879 812 3931 modi
827 3879 1047 3950 transpositiones
1060 3882 1132 3953 apud
1140 3882 1270 3936 Nostrum

159 3954 242 4007 etiam
263 3949 319 4006 diet
336 3949 499 4001 cohortibus.
551 3944 604 3999 Sed
625 3965 700 4017 pru·,
736 3945 893 4006 an.13.54.
909 3959 1035 4015 ereptum
1050 3951 1269 4017 iuslegotisdu-

159 4021 256 4075 denter
280 4019 379 4072 Noster
407 4015 514 4085 scripsit
537 4014 695 4083 manipulo,
736 4018 817 4069 cendi
825 4017 855 4066 in
864 4018 970 4069 hostem
977 4038 986 4082 ,·
1014 4018 1053 4081 14,
1064 4021 1094 4073 2.
1106 4023 1209 4071 ardore
1220 4037 1268 4072 re-

158 4090 222 4160 quja
233 4081 419 4157 manipulatim
428 4082 586 4137 tentoriain
600 4083 694 4140 castris
736 4085 867 4138 tinentiae
897 4087 1081 4156 Agrippinam
1108 4090 1271 4155 potentiae,⁸

159 4157 269 4211 stabant
283 4156 407 4227 ideoque,
420 4154 479 4207 sine
498 4151 583 4207 dubio
603 4152 692 4234 niani·
736 4155 778 4216 14,
795 4152 820 4209 3.
847 4154 991 4211 minitatus
1016 4166 1128 4212 teman
1145 4161 1269 4211 arduus„
