2792 4642
61 227 65 238 ·
182 203 259 280 art
582 188 890 266 annnorum
1000 207 1007 212 ·
1106 186 1248 285 Μ

183 376 279 432 ctum
298 353 430 428 civimu
451 373 557 421 senex
576 349 769 441 imperator
782 349 979 443 fessamque
990 361 1140 420 aetatem
1154 364 1189 420 et
1202 364 1308 421 actos

183 464 321 533 labores
337 455 599 549 praetenderet:
623 449 744 523 Druso
757 450 855 543 quod
867 449 938 519 nisi
953 474 995 522 ex
1009 452 1216 543 adrogantia
1229 453 1308 520 irn-

183 556 448 668 pedimentumi

284 690 361 765 LX.
384 690 456 763 Sed
470 685 639 758 Tiberius
651 685 726 754 vim
737 684 955 778 principatus
968 685 1037 755 sibi
1050 686 1195 756 firmans
1207 686 1308 758 ima-

149 873 154 878 ,
183 798 302 890 ginem
315 792 534 887 antiquitatis
548 788 686 858 senatui
697 788 889 879 praebebat
900 789 1075 878 postulata
1096 789 1308 881 provincia-

183 924 267 970 rum
285 899 331 968 ad
348 892 632 989 disquisitionem
652 903 795 980 patrum
813 888 1000 962 mittendo.
1049 888 1306 964 Crebrescebat

185 1003 283 1073 enim
302 996 456 1069 Graecas
476 1018 541 1088 per
563 993 669 1062 urbes
689 991 834 1060 licentia
854 1004 960 1084 atque
985 991 1178 1084 impunitas
1202 996 1304 1089 asyla

186 1101 380 1177 statuendi:
420 1096 690 1188 complebantur
717 1094 848 1185 templa
875 1093 1035 1185 pessimis
1057 1095 1302 1166 servitiorum:

186 1207 310 1277 melem
326 1199 484 1271 subsidio
501 1195 659 1266 obaerati
671 1195 862 1265 adversum
874 1196 1065 1266 creditores
1080 1198 1304 1292 suspectique

186 1305 392 1401 capitalium
419 1299 610 1371 criminum
642 1298 923 1389 receptabantur.
978 1322 1046 1368 nec
1072 1299 1190 1369 ullum
1217 1302 1304 1373 satis

185 1409 345 1481 validum
371 1401 563 1495 imperium
587 1412 663 1470 erat
690 1399 893 1484 coercendis
919 1398 1152 1470 seditionibus
1174 1404 1305 1494 populi

187 1507 318 1599 flagitia
331 1501 519 1575 hominum
532 1515 574 1573 ut
588 1500 819 1572 caerimonias
832 1502 940 1571 deum
951 1503 1176 1594 protegentis.
1227 1501 1306 1594 Igi-

187 1626 247 1683 tur
267 1609 457 1703 placitum,
491 1618 533 1676 ut
551 1604 733 1673 mitterent
754 1602 913 1674 civitates
933 1603 1013 1674 iura
1031 1619 1136 1699 atque
1156 1596 1303 1695 legatos.

186 1711 236 1784 Et
247 1712 440 1808 quaedam,
466 1706 666 1801 quodfalso
681 1691 957 1798 usurpaverant,
988 1721 1113 1798 sponte
1132 1708 1301 1779 omisere:

184 1815 318 1886 multae
338 1808 484 1883 vetustis
503 1806 812 1900 superstitionibus
828 1819 890 1877 aut
909 1808 1045 1878 meritis
1063 1808 1103 1878 in
1128 1805 1303 1901 populum

185 1915 393 1989 Romanum
412 1912 579 1982 fidebant.
636 1907 840 2002 Magnaque
861 1908 937 1978 eius
962 1909 1036 1980 diei
1065 1911 1197 2002 species
1221 1914 1303 1999 fuit

186 2043 267 2114 quo¹
276 2029 418 2087 senatus
431 2013 609 2083 maiorum
622 2010 809 2096 beneficia,
834 2010 1012 2081 sociorum
1033 2028 1153 2104 pacta,
1177 2037 1302 2105 regum

145 2115 147 2126 ’
187 2122 310 2205 ctiam,
339 2116 403 2210 qui
415 2128 496 2184 ante
508 2113 583 2181 vim
594 2109 796 2183 Romanam
809 2112 1014 2198 valuerant,
1046 2116 1184 2185 decreta
1204 2117 1302 2210 ipso-

188 2242 338 2315 rumque
349 2215 540 2285 numinum
551 2212 740 2301 religiones
754 2212 982 2306 introspexit,
1002 2216 1116 2287 libem
1130 2231 1172 2288 ut
1184 2244 1303 2312 quon-

187 2325 290 2407 dam,
311 2318 399 2413 qnid
414 2316 570 2385 minaret
584 2328 792 2388 mutaretve.
1135 2320 1138 2324 ’

286 2433 382 2525 LXI.
413 2447 529 2520 Primi
558 2447 720 2518 omnium
741 2443 891 2540 Ephesii
916 2450 1034 2538 adiere
1066 2469 1303 2527 memorantes
1376 2491 1377 2500 κ

186 2579 282 2641 non,
325 2565 366 2625 ut
394 2551 521 2641 vulgus
551 2551 728 2635 crederet,
775 2547 929 2620 Dianam
960 2566 1064 2647 atque
1094 2550 1302 2648 Apollinem
1375 2579 1376 2592 ¹

84 2691 86 2694 ¹
166 2653 278 2730 'Delo
304 2654 456 2746 genitos:
499 2675 572 2722 esse
601 2651 698 2743 apud
732 2674 767 2719 se
796 2646 1013 2723 Cenchrium
1045 2680 1206 2744 amnem,
1241 2660 1302 2728 lu-

188 2785 270 2832 cum
290 2754 499 2854 Ortygiam,
536 2753 601 2825 ubi
619 2751 795 2824 Latonam
812 2766 917 2846 partu
939 2757 1122 2846 gravidam
1141 2772 1176 2829 et
1192 2761 1300 2847 oleae,
1373 2775 1374 2784 ’

221 2987 291 3044 Gar.
305 2987 349 3041 60.
366 2986 576 3053 licentiamque
599 2983 725 3052 mouns
800 2986 894 3038 lucum
917 2982 1012 3056 Ortyg.
1058 2985 1129 3042 Cod.
1153 2987 1215 3042 MS.
1237 2988 1299 3046 edd.
1371 2969 1372 2982 ἵ

189 3068 246 3113 tas.
269 3055 300 3111 ἓν
314 3053 465 3112 driedonis.
490 3052 526 3107 cs.
541 3051 622 3111 Roth.
635 3073 664 3123 p.
680 3055 723 3106 sl.
745 3053 750 3064 ⁹
766 3051 1091 3110 Beroald.Rbenau.Ald.
1103 3059 1208 3117 locum,
1225 3058 1298 3128 quod

220 3126 398 3197 protegentis.
432 3122 482 3176 Ed.
497 3121 561 3175 Ber.
571 3130 724 3191 protegen·
767 3120 904 3176 Victorius
925 3123 954 3175 in
973 3142 1022 3175 suo
1043 3125 1155 3197 exempl.
1174 3125 1298 3181 Beroald.

189 3206 248 3258 tes,
272 3190 347 3267 quod
365 3190 503 3246 Victorius
522 3190 589 3245 int.
611 3209 684 3244 exem
705 3190 723 3245 l.
766 3209 840 3244 corr.
858 3193 960 3245 lucum.
1002 3189 1049 3246 stc
1069 3192 1132 3247 inde
1149 3213 1164 3246 a
1182 3194 1300 3250 Picbena

189 3285 262 3322 corr.
271 3262 454 3331 protegentis,
471 3260 510 3312 uti
522 3269 590 3314 esta
610 3259 647 3313 ud
655 3209 724 3312 Rie-
767 3278 871 3330 0mnes.
905 3258 1009 3331 Lipsius
1028 3260 1080 3314 iam
1093 3261 1169 3333 prius
1180 3264 1209 3317 in
1224 3283 1298 3317 mar-

188 3353 254 3388 uan.
274 3350 333 3403 sqq.
367 3327 477 3383 Scilicet
494 3278 619 3381 Beroald.
634 3328 725 3383 ‘inter-
750 3333 754 3340 ’
785 3328 829 3383 ine
843 3338 978 3400 posuerat.
1012 3328 1082 3382 Nam
1095 3330 1192 3385 Strabo
1206 3332 1238 3385 de
1254 3352 1297 3388 ea·

188 3400 284 3476 pungit
294 3396 490 3453 seditionibuss
505 3397 606 3464 populi
614 3404 667 3451 etc.
786 3415 829 3450 em
843 3416 873 3450 re
891 3401 935 3458 14,
949 3416 980 3518 p.
993 3396 1052 3451 689.
1073 3395 1146 3467 καὶῆ
1157 3398 1297 3473 Ὀρτυγία,

119 3487 125 3500 ’
223 3472 287 3524 stara
302 3475 385 3535 etque
403 3467 521 3533 legatos.
562 3463 643 3517 Roth.
666 3464 685 3519 l.
704 3464 723 3519 l.
766 3462 949 3538 διαπρεπὲςόί
966 3481 1014 3526 σος
1026 3485 1051 3520 κ.
1066 3486 1090 3522 τ.
1103 3470 1130 3522 λ.
1168 3470 1243 3523 ldem
1257 3471 1297 3526 ri·

189 3537 302 3612 explicat
325 3535 390 3587 iura
413 3551 468 3600 per
491 3534 607 3603 legatos.
652 3533 725 3587 Iura
766 3536 835 3589 tium
855 3535 885 3588 in
905 3535 967 3590 cod.
981 3533 1042 3592 MS.
1062 3537 1116 3591 iam
1133 3540 1297 3610 supr.2,25.
1365 3555 1366 3560 ’

188 3609 216 3666 h.
228 3602 411 3685 aprivilegia.
767 3602 1003 3676 deprehendimus.
1364 3627 1365 3636 ¹

191 3678 325 3731 ‘tibera-
344 3669 454 3734 Strbb.
462 3671 630 3737 periculoso.
653 3669 724 3725 Vide
747 3662 760 3689 ‘
800 3673 850 3727 ubi
858 3671 1015 3728 Latonam.
1049 3671 1168 3730 Picbena
1185 3676 1299 3733 malebat
1362 3713 1364 3752 q

187 3746 225 3802 ibi
241 3753 299 3798 not.
767 3743 812 3795 itt
845 3740 1001 3813 Perperam.
1036 3741 1107 3798 Nam
1118 3745 1202 3801 verba
1213 3750 1299 3800 ubi·-

223 3815 292 3871 Cap.
310 3810 354 3865 61.
373 3807 497 3877 ΕρΙιιειῖ.
538 3808 582 3863 De
623 3827 723 3864 uorum
766 3811 888 3864 edidisse
908 3829 965 3863 non
987 3811 1098 3875 adsunt,
1121 3821 1152 3866 ul
1170 3815 1298 3887 explicent

188 3883 263 3955 asylo
278 3879 332 3936 sid.
346 3877 452 3933 Strabo·
469 3867 516 3940 sl,
532 3897 559 3949 p.
574 3827 634 3933 ddi.
766 3878 906 3934 notionem
931 3880 1150 3961 praecedentem,
1181 3884 1229 3937 sed
1254 3885 1298 3938 udi
1360 3769 1363 3946 i

222 3969 282 4004 non
301 3985 372 4005 ....
391 3947 510 4014 genitos.
553 3944 596 4000 Cf.
614 3947 722 4002 nummi
764 3947 809 4029 hic
827 3955 857 4028 ut
872 3965 1024 4029 saepissime
1041 3949 1120 4003 aliam
1138 3954 1296 4008 seutentiam
1360 3965 1361 4042 q

187 4018 284 4091 Ephes.
295 4014 483 4090 apudEclcliel.
492 4012 674 4088 vot.2,p.s12
682 4036 722 4090 sq.
765 4033 850 4087 priori
862 4015 989 4070 adnectit.
1025 4016 1237 4075 efillamsborn.
1250 4022 1295 4076 Gr.
1359 4071 1360 4078 ,

187 4085 395 4227 {imqksssspel
404 4085 492 4151 1‚194.
505 4084 586 4186 216.
612 4082 721 4142 Strabo.
760 4090 795 4209 {d
796 4081 903 4225 ,1091ξρἆὶ
912 4084 941 4154 b)
962 4103 987 4158 p.
1001 4085 1061 4142 616.
1079 4097 1105 4140 et
1122 4089 1241 4162 exempla
1260 4090 1294 4146 ibi
1357 4085 1360 4140 Ι
